2696 4626
200 193 240 253 Vl
385 191 635 255 lllllllANUELlS
665 191 837 252 BEKKERl
869 191 1110 254 Paternum.

203 349 342 446 recepit
379 363 415 422 et
436 349 542 422 variis
574 347 792 420 lectionibus
825 349 972 446 suisque
1005 348 1223 421 coniecturis
1245 375 1288 421 ac

199 476 296 544 notis
321 475 496 546 instruere
518 474 660 569 coepit,
686 497 772 544 mox
793 472 944 569 propius
956 472 1142 570 cognitum
1158 474 1287 544 simul-

152 589 161 612 '
199 622 272 694 que
297 596 525 694 desperatum
560 595 606 668 de
633 597 800 668 manibus
833 593 1003 692 deposuit
1025 619 1146 694 neque
1171 579 1287 696 attigit

198 721 366 817 amplius,
387 719 507 794 donec
540 719 683 794 fastidio
709 743 775 792 suo
802 719 1019 792 immortuus
1044 718 1284 794 hereditatem

198 845 383 916 molestiae
405 843 497 916 mihi
521 843 728 917 transmisit.

296 967 420 1040 Variae
438 981 572 1062 autem,
597 991 687 1065 quas
704 967 918 1060 memoravi,
941 967 1116 1038 lectiones
1137 979 1217 1040 tauu
1243 993 1285 1039 ex

200 1088 387 1164 codicibus
412 1091 528 1189 Regiis
550 1093 739 1164 alabroto
766 1091 904 1162 collatis
928 1091 1062 1188 petitae
1087 1104 1183 1186 sunt,
1205 1103 1286 1165 tum

198 1239 239 1286 cx
265 1215 475 1314 apographo
498 1214 733 1312 Tubingensi,
758 1215 816 1287 cui
842 1213 952 1286 index

391 1337 578 1408 Νικολάου
608 1333 872 1412 Χαλκονδύλου
905 1337 1108 1436 ἱστορικόν,
1130 1331 1220 1409 deso
1243 1363 1286 1408 τε

391 1457 548 1560 ἤρξαντο
569 1461 606 1532 οἱ
634 1463 1080 1558 αὐθένταιτῶνΤούραον
1101 1460 1165 1532 καὶ
1188 1461 1286 1561 πρά-

387 1585 455 1672 ξεις
494 1589 615 1658 αὐτῶν
655 1585 719 1657 καὶ
756 1579 1077 1685 α’νδραγοθήματα
1115 1579 1178 1668 ἕως
1214 1592 1285 1658 τῶν

387 1701 729 1807 ἀνδραγαθημάτων
767 1717 848 1790 ,τοῦ
890 1711 1049 1807 μεγάλου
1096 1709 1286 1784 audineo

389 1841 459 1905 τοῦ
483 1839 700 1934 Mammam.

391 1958 542 2034 studiosi
578 1962 747 2056 iuvenes,
777 1960 879 2034 docti
910 1973 946 2033 et
977 1961 1093 2056 boni,
1117 1960 1212 2032 mihi
1236 1959 1282 2034 Μ.

388 2087 543 2160 lllartino
559 2083 698 2180 Granio,
722 2081 908 2182 Tubingae
931 2087 1119 2183 utriusque
1139 2085 1284 2184 linguae

387 2210 543 2305 doctori,
565 2208 746 2282 amicitiae
773 2234 857 2306 ergo
883 2207 1119 2306 descriptum,
1143 2210 1283 2282 mensi·

392 2337 461 2408 bus
481 2335 609 2408 Martio
637 2349 673 2407 et
696 2335 822 2432 Aprili,
847 2359 944 2407 anno
976 2339 1082 2407 1575.

336 2522 339 2530 f
390 2459 573 2554 exemplar
598 2459 717 2555 ipsum
742 2459 851 2530 nimis
874 2483 941 2556 per
964 2483 1002 2530 su
1026 2458 1094 2530 fuit
1119 2457 1278 2532 mendo·

388 2607 480 2676 suni,
506 2569 542 2654 et
564 2607 631 2654 nos
651 2581 697 2654 de
723 2578 898 2654 industria
921 2605 1045 2654 sumus
1069 2580 1108 2653 id
1134 2582 1278 2654 imitati.

194 2725 389 2806 utrumque
410 2731 523 2805 genus
548 2732 625 2780 non
641 2706 925 2780 exhauriendum
942 2707 1035 2780 mihi
1055 2707 1192 2804 putaui,
1216 2705 1281 2778 sed

195 2833 450 2906 delibandum:
489 2857 572 2904 narn
605 2833 669 2904 ubi
696 2831 811 2905 codex
842 2833 971 2930 aliquis
1003 2831 1123 2914 cadro
1148 2831 1283 2903 habeat

194 2983 261 3055 pro
286 2959 418 3056 ταύτῃ,
442 2956 550 3028 ubive
576 2959 615 3026 tu
629 2961 698 3026 τοῦ
715 2955 860 3027 εὶκότου
874 2955 1067 3054 legendum
1082 2978 1274 3054 propona-

194 3095 252 3154 tur
277 3107 345 3180 pro
371 3083 409 3150 ἐκ
434 3085 502 3150 τοῦ
527 3079 684 3177 εἰκότως,
709 3081 749 3154 id
767 3107 852 3154 vero
880 3105 986 3154 nosse
1009 3081 1110 3154 cuius
1130 3079 1280 3154 tandem

194 3219 315 3304 potest
338 3205 535 3278 interesse?
1075 3296 1078 3302 Ι

292 3331 484 3428 Subiungit
508 3331 623 3404 editio
648 3331 859 3403 Parisiensis
879 3343 915 3402 et
939 3328 1094 3400 Annales
1118 3328 1281 3405 sultano-

193 3480 272 3527 rum
301 3455 606 3529 Othmanidarum
644 3455 904 3527 aLeunclavio
932 3453 1058 3525 latine
1093 3475 1216 3524 susos
1245 3465 1280 3522 et

194 3579 354 3654 eiusdem
382 3579 590 3653 Pandecten
615 3579 786 3651 historiae
804 3579 996 3672 'lureieae3
1024 3576 1157 3675 quibus
1178 3575 1278 3647 lacile

193 3727 313 3776 careas
325 3719 409 3801 post
418 3705 706 3777 flammerianam
721 3703 864 3800 imperii
879 3701 1064 3777 Osmanici
1075 3699 1276 3772 uiuorum.

289 3852 402 3925 Scrib.
430 3856 586 3926 Beroliui
609 3852 643 3926 d.
669 3857 715 3926 25
741 3853 820 3926 Oct.
848 3849 878 3923 οξ
906 3848 1011 3924 tect.

617 4029 793 4042 ‹u-n--u-
807 4035 849 4040 ,-
