2696 4616
231 267 304 344 ενα
485 278 652 344 ulonrcr
677 273 1066 344 culucooorrurnan

231 435 263 508 ἐς
284 427 342 513 τὴν
362 421 488 514 ἤπειρον
507 431 676 508 ἐνομίζετο,
700 423 921 508 έποτρόνοιτος
940 426 999 488 τοῦ
1013 418 1272 504 Μοιχουμοότεοο
1290 415 1342 494 μιξ

231 533 441 612 ἐνδιατρίβειν
462 530 497 591 ἐν
516 534 555 614 τῇ
577 527 678 616 νήσῳ·
737 520 976 608 Μαχουμοότης
996 525 1032 588 δέ
1054 515 1262 604 παραλαβοόν
1281 516 1344 578 τόν

230 629 364 713 στρατόν
381 625 553 710 ἐπολιόρκει
575 626 633 710 τὴν
653 625 755 702 πόλιν,
778 629 810 702 ές
821 625 936 708 μοίρας
956 619 1142 705 διελόμενος
1162 617 1221 684 τόν
1240 643 1341 699 στρα-

230 728 293 810 τόν,
313 727 368 794 καὶ
394 735 459 803 τοῖς
480 749 514 794 τε
534 724 712 813 τηλεβόλοις
739 723 775 789 τό
797 733 902 808 τείχος
928 721 1038 788 ἕποιεν
1059 718 1116 785 ἐπὶ
1138 719 1266 802 ἡμέρας
1283 715 1340 780 εἴ-

231 853 301 894 κοσι
321 823 376 892 καί
395 823 483 910 lutri,
504 829 560 890 ναί
577 829 753 906 κατέβαλλε
772 828 854 908 μέγα
875 827 971 908 μέρος
990 824 1045 905 τῆς
1064 815 1208 894 πόλεως.
1249 814 1333 897 ἔχων

165 989 169 998 .
199 930 267 994 1)δέ
289 925 342 992 καί
360 921 490 1000 όπτίους
512 922 699 1008 τηλοβόλους
720 921 851 1004 ἔβαλλεν
864 919 898 998 ἐς
917 921 976 1006 τὴν
990 919 1091 997 πόλιν,
1114 921 1177 982 κατ’
1197 915 1237 1000 δι]
1256 920 1337 980 ἐθο-

231 1025 324 1108 ρόβει
343 1023 417 1097 roric
440 1025 474 1088 έν
496 1027 536 1111 τῇ
554 1019 656 1088 πόλει.
709 1019 740 1086 οἱ
772 1025 808 1088 δέ
829 1018 864 1086 ἐν
885 1024 922 1106 τῇ
943 1017 1047 1103 πόλει,
1075 1016 1220 1082 ἐνόντων
1241 1019 1334 1099 σρίσι

232 1127 287 1188 καί
308 1123 465 1206 πειρατῶν
486 1127 580 1188 τινοόν
602 1125 710 1206 ου’τσό,
731 1122 905 1201 ἐπεξιόντες
923 1117 1030 1203 βραχό
1043 1116 1106 1183 dod
1132 1119 1197 1200 τῆς
1218 1115 1335 1188 πόλεως

234 1222 401 1306 η’μόνοντο,
425 1221 466 1284 ον’
484 1225 591 1300 μέντοι
610 1245 646 1304 γε
667 1220 710 1297 σός
729 1219 853 1305 α’γαθόν
872 1244 904 1284 τι
925 1216 1177 1302 ἐξεργάζεσθαι·
1224 1212 1253 1278 oi
1270 1213 1332 1294 γὰρ

233 1325 368 1406 Τοόριιοι
389 1323 606 1405 έρεθιζόμενοι
630 1321 691 1385 dub
714 1325 777 1386 ταῖν
801 1324 835 1386 έν
858 1321 898 1408 τῇ
918 1316 1007 1384 πόλει
1029 1317 1221 1406 προσῄεσαν
1242 1319 1272 1388 ές
1291 1317 1330 1378 τό

228 1431 347 1506 τεῖχος,
366 1419 422 1486 καί
442 1420 641 1505 ἀνεθάρρουν
660 1420 816 1499 ἐπιόντες,
841 1423 898 1484 καί
918 1415 1075 1500 ἐμάχοντο
1096 1414 1183 1502 πρός
1203 1419 1248 1504 τῷ
1266 1415 1332 1478 τεί-

229 1543 290 1604 χει.
332 1519 376 1596 σός
401 1521 437 1584 δέ
459 1518 489 1583 οὶ
509 1522 544 1583 όν
557 1521 596 1607 τῇ
615 1514 704 1583 πόλει
726 1521 770 1606 τῷ
783 1541 815 1584 τε
835 1515 952 1602 πλήθει
969 1517 1259 1600 ἐταλαιπωροῦντο
1276 1519 1333 1575 κατ’

230 1623 387 1701 ἐπιέζοντο
409 1623 446 1707 τῇ
467 1617 677 1706 ταλαιπωρίᾳ,
698 1623 875 1704 προσέφερε
896 1614 1008 1700 λόγους
1021 1618 1066 1703 τῷ
1084 1619 1227 1697 βασιλεῖ
1241 1612 1259 1676 o‘
1275 1615 1328 1692 τῆς

229 1717 327 1803 νήσου
348 1715 500 1803 ἦγεμοόν,
527 1715 579 1802 ἐφ’
608 1707 635 1808 ᾦ
656 1714 865 1801 παραδιδόναι
886 1739 922 1780 τε
949 1714 1006 1800 τὴν
1033 1714 1126 1779 πόλιν
1148 1715 1209 1778 καὶ
1231 1705 1329 1778 τόλλα

232 1822 407 1898 πολίσματα
428 1816 468 1882 τό
489 1821 524 1882 όν
543 1821 582 1904 τῇ
592 1815 692 1896 πόλει,
710 1816 796 1902 αότῷ
813 1819 850 1881 δέ
870 1813 933 1879 όπό
948 1817 1106 1898 βασιλέως
1123 1810 1246 1896 χοόραν
1267 1814 1326 1874 δοι-

136 1919 368 2001 ρ,ρεορρθῆυαι
388 1912 460 2001 ἴσην
481 1919 522 2002 τῇ
540 1912 655 1980 ἑαυτοῦ
675 1915 731 1980 nni
742 1913 909 2000 πρόσοδον,
928 1915 983 1978 καί
1000 1911 1244 1998 στρατεύεσθαι
1264 1909 1328 1989 ἅμα

232 2019 274 2104 τῷ
295 2019 429 2098 βασιλεῖ.
472 2014 715 2100 Μαχουμοότης
736 2017 797 2096 μὲν
826 2007 882 2080 odo
902 2013 976 2090 τοός
995 2037 1030 2079 τε
1050 2011 1168 2097 λόγους
1192 2014 1328 2094 ἐδέχετο,

129 2138 163 2191 ν,
172 2135 225 2191 213
234 2117 288 2180 ιιαί
308 2115 445 2200 ἔφασκεν
466 2114 509 2190 οός
528 2115 663 2196 βασιλέα
684 2119 767 2198 πέρα
788 2115 842 2180 ἐπὶ
860 2113 916 2198 τὴν
937 2107 1066 2197 ἤπειρον
1086 2115 1240 2192 πέμπειν.
1263 2114 1329 2176 ἐπεὶ

233 2216 269 2280 δὲ
289 2215 450 2300 α’νηνέχθρ
489 2215 532 2290 σός
561 2217 697 2296 βασιλέα
726 2217 801 2297 περί
819 2203 863 2278 dv
885 2217 1055 2297 προΐσχετο
1076 2211 1094 2277 ό
1113 2216 1176 2294 τῆς
1198 2215 1327 2292 Λέσβου

232 2307 377 2398 ἧγεμιόν,
407 2313 590 2397 ἐπεραιοότό
613 2337 647 2378 τε
678 2312 697 2378 ό
720 2311 871 2395 βασιλεός
898 2317 953 2377 καί
973 2311 1099 2394 ἐδέχετό
1120 2335 1159 2376 τε
1181 2311 1259 2386 τοός
1281 2309 1328 2374 λό-

231 2435 315 2496 γους,
337 2419 461 2496 ἓτοιμος
480 2407 561 2478 εἶναι
582 2415 776 2478 σπένδεσθαι
798 2415 849 2499 ἐφ’
866 2405 914 2490 οἷς
928 2419 1139 2496 προυκαλεῖτο
1162 2411 1254 2494 δτῆς
1273 2411 1327 2495 νή.

231 2535 291 2578 σου
313 2515 474 2598 τόραννος.
523 2513 566 2588 οός
588 2515 625 2578 δέ
653 2511 692 2577 τό
716 2507 809 2598 όριιια
828 2515 950 2596 ἐγένετο
971 2513 1104 2598 α’μφοῖν,
1129 2507 1328 2594 ὑπεξεχώρει

304 2695 346 2748 14.
364 2699 411 2750 καὶ
429 2713 473 2750 σοι
491 2695 511 2751 Ρ
580 2698 624 2751 21.
642 2699 829 2771 προυκαλεῖτο
847 2695 865 2748 Ρ

233 2883 294 2920 euru
315 2865 512 2922 'adhortabatur
526 2887 561 2922 ue
580 2869 609 2922 iu
628 2871 717 2924 incula
741 2876 897 2922 moraretur.
941 2866 1125 2922 Morbumetcs
1144 2875 1263 2937 accepto
1283 2883 1323 2918 ea-

233 2940 317 2990 ercitu
337 2939 431 2990 urbem
458 2942 651 3010 oppugnabat,
678 2941 844 2994 distribuent
861 2938 953 3008 copias
972 2941 1109 2991 universae
1129 2939 1160 2988 in
1179 2946 1286 2990 turmas
1302 2945 1325 2988 rt

235 3009 396 3079 manipulor-
432 3027 535 3063 murum
553 3013 707 3066 bombardia
727 3012 860 3065 arietabat
878 3009 974 3063 diebus
989 3011 1084 3078 viginti
1101 3017 1221 3078 septena,
1241 3009 1322 3060 urbin-

234 3097 289 3152 que
308 3089 410 3150 partera
427 3097 483 3133 nou
501 3082 633 3136 modicam
647 3085 749 3136 stravit.
786 3083 883 3135 habuit
899 3079 1060 3134 bombardae
1078 3097 1150 3150 quae
1164 3082 1195 3134 in
1204 3081 1324 3132 'sublime

234 3152 344 3220 globum
364 3161 508 3222 torquent,
528 3171 594 3224 quaa
616 3157 740 3207 mortaria
758 3156 919 3216 nominant,
937 3153 1035 3222 quibua
1054 3151 1148 3203 urbem
1168 3153 1323 3220 gravissime

233 3223 335 3276 afflixit.
372 3223 568 3294 oppidanorum
587 3229 682 3296 copiae
700 3227 729 3277 in
743 3234 830 3276 arturo
852 3223 1026 3293 cogebantur.
1072 3221 1206 3292 oppidani
1228 3232 1322 3278 tanaro.

232 3312 292 3346 curu
311 3295 382 3347 forte
398 3296 478 3347 utiam
497 3295 606 3418 «puidam
625 3297 659 3348 de
677 3297 822 3366 piratarum
849 3311 961 3347 numero
979 3303 1086 3364 praeato
1105 3303 1208 3356 carent,
1228 3295 1323 3361 egressi

232 3365 298 3418 urbe
317 3383 412 3418 manue
430 3383 490 3418 curn
523 3375 580 3419 oete
599 3368 778 3420 conserebant
822 3381 937 3420 renuero
956 3383 1048 3418 eurum
1065 3381 1246 3435 nequaquam
1265 3379 1320 3432 pro·

230 3453 309 3505 apere
327 3436 497 3489 succedebat.
546 3455 607 3490 narn
626 3439 707 3491 Turni
727 3438 844 3490 lacesciti
871 3437 904 3489 ab
926 3435 1069 3508 oppidania
1089 3435 1277 3488 accurrebant
1294 3432 1321 3483 ad

229 3521 345 3570 murum,
366 3515 394 3559 et
411 3525 506 3577 magua
526 3509 636 3561 audacia
656 3510 718 3562 lrcti
742 3525 802 3562 eum
822 3524 951 3577 superare
972 3506 1139 3560 nitebantur.
1178 3505 1320 3578 oppidanis

230 3579 259 3630 iu
279 3579 432 3645 gravissimu
452 3581 570 3648 periculo
589 3581 768 3646 versantibus,
784 3579 917 3650 eiquideor
938 3578 1024 3631 boalia
1043 3575 1228 3630 multitudine
1250 3592 1319 3644 supr·

231 3649 286 3700 rior
305 3657 371 3712 erat,
388 3651 515 3720 princeps
544 3652 649 3703 incolae
665 3651 769 3720 legator
787 3651 874 3714 misit,
902 3651 950 3720 qui
967 3650 1126 3701 nuntiarent
1146 3651 1204 3716 regi
1226 3665 1258 3702 ee
1276 3663 1317 3716 ρι-

231 3727 317 3771 ratum
338 3737 395 3772 erre
414 3719 514 3774 dedere
533 3722 627 3774 urbem
644 3724 789 3794 etreliqua
806 3721 879 3774 urbia
899 3721 1039 3790 oppidula.
1075 3736 1103 3770 re
1118 3727 1213 3771 tamen
1234 3726 1319 3788 petere

231 3797 262 3840 ut
279 3790 330 3841 ribi
352 3807 449 3860 aroge
476 3793 627 3860 assignetur
656 3795 728 3861 regio
756 3795 828 3856 alia,
852 3793 979 3862 aequales
998 3791 1060 3842 buic
1086 3789 1192 3842 reditus
1214 3787 1317 3840 babens.

230 3859 413 3930 pollicebatur
430 3879 540 3935 quoque
561 3881 589 3916 se
609 3872 718 3916 strenue
736 3867 866 3935 imperata
892 3865 1031 3924 lucturum,
1047 3877 1216 3931 quocunque
1239 3871 1318 3912 tamen

231 3933 260 3982 ia
277 3931 400 3983 militiam
420 3933 537 3986 eductor
556 3937 639 3988 fuerit
662 3937 733 4004 regio
753 3937 837 3988 lucau.
887 3933 1071 3986 Macburnetes
1091 3947 1152 3982 cum
1170 3930 1316 3984 intellexis-

231 4009 273 4054 ναι
290 4003 419 4072 principia
437 4013 465 4055 ct
484 4005 681 4076 oppidanorum
701 4007 873 4068 aenteutiam,
891 4005 1031 4074 respoudit
1049 4021 1076 4055 ae
1096 4003 1210 4054 nuutios
1230 4003 1315 4053 missu·

231 4089 288 4134 ‘Um
306 4073 335 4123 in
354 4075 538 4128 continentem
554 4077 590 4130 ad
608 4095 705 4146 regern,
724 4078 771 4146 qui
791 4077 872 4128 brace
889 4076 1020 4146 principis
1037 4074 1217 4128 condiciones
1237 4075 1261 4124 ei
1278 4085 1315 4120 ex·

230 4149 343 4209 ponant.
381 4142 428 4194 nbi
445 4141 513 4198 baec
543 4145 577 4200 ad
596 4165 684 4218 regem
700 4150 784 4202 relata
800 4156 880 4212 cunt,
905 4147 1033 4200 videlicet
1052 4163 1121 4217 quae
1144 4141 1313 4215 promittebat
