2704 4624
337 259 391 320 DE
419 255 550 320 REBUS
578 254 768 323 TURCiCiS
796 259 832 318 L.
854 259 909 320 iil.
1077 251 1146 322 115

56 407 113 486 μὲν
131 403 174 488 δή
197 405 320 486 λέγεται
333 406 478 488 γίνεσθαι
493 403 530 470 τό
548 403 696 490 Τεμήρευ
717 407 881 472 συσσίτια·
923 406 1090 494 Χαῖδόρην
1112 411 1149 476 δὲ

55 501 109 570 τόν
130 527 168 588 γε
188 499 315 588 ἑταῖρον
334 503 423 592 αότρῑ
444 502 518 582 όξόν
529 527 562 569 τε
580 501 613 579 ἐς
632 501 666 570 τό
687 501 856 590 όπηρετεῖν
873 507 962 594 usioni
980 503 1021 571 τό
1039 509 1148 573 δέοντα

59 608 243 687 γεγονέναι,
263 599 446 688 ἐποτρύνειν
465 626 500 668 τε
532 601 628 669 αότόν
657 609 792 687 βασιλέα
815 606 869 670 dui
889 605 966 682 τοός
985 610 1152 690 πολέμους,

60 705 195 790 μηδαμῇ
215 700 248 778 ec
266 699 430 788 ῥαστώνην
449 699 653 786 τρεπόμενον.

39 822 53 872 s
139 807 287 886 Λέγουσι
310 802 345 865 δὲ
365 805 526 888 Μυρξιην,
547 801 650 871 ε’πείτε
664 805 825 886 παρέλαβε
846 800 904 888 τήν
924 801 1151 891 Ξεμαρχόνδης
1178 863 1181 872 r

59 901 233 982 βασιλείαν,
255 900 497 985 διαχρήσασθαι
517 899 624 989 τρόπῳ
639 904 759 992 τοιρῑδε.
801 903 874 968 όπεί
890 925 923 968 τε
944 903 1014 968 σόν
1028 901 1151 980 τούτοις

60 999 125 1078 ἅμα
145 999 282 1083 περιιών
308 1000 454 1086 Τεμήρης
483 1001 597 1088 ληστής
618 1024 653 1066 τε
683 1001 881 1086 καθειστήκει
901 1006 956 1068 καί
977 1005 1151 1088 ἐχρηματί.

60 1103 136 1184 ζετο,
159 1101 394 1183 διαλεγομένων
424 1103 475 1166 ἐπ’
501 1096 697 1184 εότυχήματι
719 1103 780 1167 τών
798 1098 953 1186 ἑταίραν,
972 1107 1027 1168 καί
1047 1105 1151 1190 εόφη-

57 1199 212 1278 μιζόντιον
235 1196 380 1284 Τεμήρην
402 1197 445 1274 uic
465 1200 500 1264 όν
513 1204 633 1284 βραχεῖ
646 1192 707 1286 ήδη
728 1203 761 1276 ἐς
780 1200 820 1265 τό
842 1200 1069 1286 Σεμαρχόνδης
1088 1210 1150 1286 βα·
1246 1197 1248 1212 ¹

25 1301 161 1370 moriem
181 1301 415 1380 παρεσομένου,
438 1297 638 1380 δουλαβοόνό
653 1301 802 1386 Μυρξίης
821 1291 954 1366 “α’λλ’ώ
974 1305 1052 1368 ww
1073 1303 1175 1390 ἔφη,Β

58 1395 209 1462 “τοιαῦτα’
236 1398 304 1462 ἐστι
333 1395 372 1462 τό
394 1398 622 1482 Σεμαρχιίνδης
656 1403 810 1482 βασίλεια.
832 1395 914 1466 dore
943 1403 1001 1466 οόκ
1030 1402 1148 1487 εόπετή

59 1499 257 1580 χειρωθῆναι
283 1495 345 1561 όπὸ
371 1493 543 1580 Τεμήρειο,
570 1499 687 1586 α’νδρός
717 1504 836 1589 ληστοῦ
861 1501 916 1568 καί
934 1499 1075 1572 ἰδιώτου.
1117 1507 1149 1570 εἰ

58 1599 88 1658 δ’
109 1594 158 1678 εἴη
181 1597 257 1661 ποτὲ
274 1599 365 1662 τοῦτο
386 1597 474 1684 πότερ’
491 1601 638 1680 γενέσθαι
667 1593 750 1666 odore
770 1603 826 1666 ε’πί
844 1602 903 1687 τήν
923 1602 1149 1687 Σεμαρχόνδης

58 1693 162 1778 α’ρχήν
185 1700 343 1778 παριέναι,
372 1695 415 1778 μή
439 1693 485 1760 ἔτι
507 1696 637 1780 περιιών
657 1701 871 1782 διαγενοήιιην,
894 1700 975 1766 α’λλό
997 1706 1147 1785 τεθναιήν

24 1795 179 1868 ιᾱοότίκα
191 1796 412 1876 werpum?
453 1799 635 1876 ταῦταμὲν
651 1800 774 1884 σπουδή
788 1796 877 1884 sipiares
890 1801 1147 1885 ὑποδείκνυσθαι,

56 1892 213 1983 συντυχίην
240 1897 275 1958 δὲ
295 1919 358 1960 τινι
392 1897 451 1960 usin
470 1895 580 1983 ώγαθή
604 1895 792 1981 χρήσασθαι
825 1901 858 1973 ἐς
878 1897 912 1963 τό
937 1896 1144 1984 α’πόφθεγμα.

55 1993 175 2078 χρόνον
206 1997 242 2060 δὲ
274 1997 511 2080 ἐπιγινομένου,
541 1995 584 2072 eie
615 1998 649 2071 ἐς
681 1993 739 2079 τήν
760 1995 864 2081 α’ρχήν
882 2003 1068 2083 παρεγένετο
1090 2002 1146 2084 τής

56 2097 191 2173 πόλεως,
216 2094 348 2177 τιμῆσαι
366 2099 427 2176 μὲν
451 2095 566 2178 α’ρετής
584 2097 675 2162 ἕνεκα
700 2095 780 2180 ὑπὲρ
801 2099 855 2162 τόν
876 2097 1057 2185 Χαϊδόρην,
1079 2101 1146 2186 φό-

56 2217 165 2260 οκοντα
181 2196 219 2260 δὲ
235 2194 324 2282 αότηῖ
335 2191 379 2269 ώς
392 2197 490 2258 ε’κεΐνο
505 2194 542 2278 δή
559 2195 596 2260 τὸ
611 2191 685 2270 ἔπος
699 2199 752 2262 dui
762 2198 931 2282 μαρτύριον
943 2192 1048 2264 όλλιον
1060 2201 1175 2284 deq-c

21 2297 144 2376 μημίνον
165 2295 255 2380 asieri
275 2295 340 2358 δέοι
362 2294 576 2379 μεταδιώκειν,
596 2288 676 2378 όπερ
695 2298 967 2380 διισχυριζόμενος
988 2297 1144 2382 ὑπέλαβεν

54 2388 165 2458 ἑαυτόν
189 2393 339 2482 θανότιρ,
361 2394 606 2479 ἀναμιμνήσκων
627 2393 669 2469 ώς
690 2392 776 2479 εἴπερ
799 2399 832 2470 ἐς
851 2396 891 2462 τό
915 2396 1146 2485 Σεμαρχόνδης,

54 2497 197 2574 βασίλεια
218 2496 437 2578 παραγένοιτο,
454 2498 612 2578 ψευσθείη
632 2517 664 2559 τε
685 2492 777 2569 αὐτός
802 2496 858 2578 τής
876 2497 1010 2582 γνώμης,
1032 2495 1141 2580 ἔνοχος

122 2679 168 2734 20.
194 2677 355 2750 δπέβαλινί
425 2681 469 2732 21.
488 2683 517 2742 ἐς
533 2697 577 2732 om
597 2681 615 2732 Ρ

56 2836 91 2901 gis
110 2835 214 2886 smieus
231 2833 409 2903 laborumque
435 2835 523 2886 socius
532 2872 542 2898 ‚
560 2835 586 2885 ei
603 2833 746 2886 admodum
774 2833 919 2904 diligenter
934 2835 964 2888 in
980 2837 1137 2888 necessariis

55 2907 205 2958 ministrare
226 2907 312 2956 norit.
353 2921 441 2973 regem
466 2921 575 2974 quoque
604 2905 716 2957 incitare
736 2921 875 2977 nunquam
892 2905 996 2959 destitit
1015 2913 1047 2960 ut
1062 2907 1137 2960 belle

56 2977 240 3046 aggrederetur
257 2975 383 3044 piurima,
400 2992 435 3027 ne
452 2977 509 3028 otio
527 2984 555 3028 et
574 2977 667 3046 quiete
686 2986 909 3046 corrumperetur.

116 3067 204 3117 Aiunt
225 3063 375 3130 Myrxiem,
402 3072 547 3134 antequem
574 3065 694 3117 Temires
724 3063 759 3115 nd
784 3064 996 3117 Semerchnndue
1024 3081 1135 3135 regnum

54 3137 196 3197 erasisset,
225 3135 280 3186 ute
307 3135 445 3204 quippiam
463 3135 566 3189 secisse.
610 3153 669 3186 cum
689 3135 810 3188 Temires
834 3153 895 3186 cum
913 3137 969 3188 suis
988 3135 1134 3203 oberraret,

55 3207 197 3259 latrociniis
216 3203 345 3274 gaudens,
362 3204 462 3257 accidit
481 3215 512 3256 ut
528 3205 673 3258 familiares
691 3206 801 3273 Myrxiis
819 3205 852 3258 de
873 3207 951 3258 selice
970 3223 1056 3260 rerum
1076 3209 1133 3262 Te-

53 3279 119 3329 miris
138 3293 263 3330 successu
282 3274 458 3338 dissererent,
488 3291 575 3348 eoque
601 3275 709 3329 undem
737 3277 859 3330 venirent
882 3286 912 3329 ut
930 3277 1051 3331 dicerent
1070 3297 1132 3332 eum
1163 3331 1168 3348 ,

52 3347 120 3399 beeri
143 3349 228 3400 etiem
244 3347 456 3398 Semerchmdue
473 3365 583 3416 regnum
603 3355 814 3400 consecuturum.
835 3357 863 3401 nt
883 3347 999 3415 Mynies
1017 3365 1132 3419 respon-

51 3419 87 3470 dit
101 3429 234 3487 “regnnm
253 3418 465 3470 Semorchendue
483 3419 582 3470 firmius
601 3427 643 3471 est
663 3434 743 3489 quem
761 3428 791 3470 ut
808 3419 932 3488 occupari
950 3419 1036 3488 possit
1052 3437 1067 3471 τ
1090 3421 1131 3470 iu·

54 3499 123 3544 troue
141 3501 173 3541 et
199 3489 305 3559 privato
323 3489 443 3542 homine.
480 3489 522 3542 siu
539 3489 686 3560 aliquando
711 3491 852 3558 contigerit
869 3499 901 3542 ut
918 3490 1129 3542 Semerehendue

51 3579 122 3630 regno
144 3563 197 3614 iste
218 3562 347 3630 potietur,
366 3577 460 3629 precor
477 3578 533 3612 nou
556 3562 671 3630 emplius
693 3571 828 3632 superstes
846 3577 977 3621 maneum,
996 3559 1044 3612 sed
1062 3577 1128 3613 eon·

51 3631 129 3684 iestim
151 3640 183 3684 ut
199 3631 318 3684 mendax
336 3631 504 3684 obtruneer.”
539 3630 606 3684 haec
623 3631 732 3702 quidem
749 3634 828 3696 serio,
853 3649 909 3684 non
932 3633 993 3682 ioco
1021 3631 1127 3685 loeutus

51 3713 91 3754 est
124 3719 178 3756 nee
195 3711 288 3756 tumen
307 3703 540 3772 satisprospernm
567 3720 652 3754 sermo
672 3703 721 3754 iiie
743 3701 840 3754 hebuit
856 3710 989 3754 eventum.
1026 3701 1125 3756 deinde

50 3781 160 3845 tempore
182 3775 364 3844 interposito,
380 3791 440 3825 cum
459 3774 533 3825 urbis
560 3775 678 3842 regimen
697 3773 817 3825 Temires
838 3781 909 3824 esset
928 3772 1050 3840 adeptus,
1072 3773 1125 3827 ho·

51 3863 118 3898 eures
139 3847 258 3898 maiores
277 3845 394 3912 Myrsies
424 3861 504 3915 quum
529 3843 671 3896 Cheidsres
697 3844 769 3914 spud
799 3861 885 3912 regem
912 3845 1025 3896 invenit.
1060 3845 1125 3898 hine
1212 3847 1216 3856 ’

51 3927 189 3970 commotus
209 3915 358 3969 Chsideres
383 3915 482 3968 dixisse
512 3915 596 3968 iertur
620 3924 725 3984 tempus
755 3916 807 3966 iem
837 3931 895 3966 esse
920 3923 951 3967 ut
970 3917 1124 3970 sermuiiie

51 4005 118 4054 quem
137 3989 246 4040 loeutus
267 3987 356 4040 fueret
373 3987 504 4053 Myrxies,
534 3985 568 4038 nd
594 4003 655 4050 rem*
673 3986 841 4038 conseretur:
868 3993 959 4038 extare
977 3989 1048 4038 enim
1066 3990 1124 4040 eius

52 4062 169 4112 sermonis
188 4067 274 4112 testes
294 4059 433 4128 plurimus.
482 4065 513 4108 ut
536 4058 619 4124 igitur
649 4073 735 4108 sermo
760 4057 808 4110 iiie
833 4059 957 4110 effectum
976 4059 1124 4120 sortiretur,
1182 4065 1185 4076 '

52 4127 169 4196 idyrxiem
188 4130 302 4200 espiteii
319 4129 455 4201 supplicio
475 4127 556 4184 subdi
575 4127 653 4181 iussit
672 4129 810 4192 Temires,
833 4129 861 4180 in
877 4131 1032 4184 memorien
1051 4128 1123 4180 redi·
