2754 4632
228 327 303 406 484
502 339 670 408 monier
701 339 1087 408 tusscocouorsse

225 494 321 568 λίσας
343 489 442 558 αότόν
463 491 497 567 ἐς
516 488 645 565 όαιλίαν
665 490 834 556 καθίστατο
853 483 929 575 όχρι
950 487 1072 570 νυκτός,
1095 487 1177 570 μετό
1202 487 1264 568 δέ,
1291 487 1332 563 τός

225 591 329 658 όπιιόν
350 591 475 676 οόρμητο
497 593 552 657 issi
570 591 625 674 τήν
647 585 765 656 ἑαυτοῦ
791 591 915 676 σκηνήν,
937 587 1141 665 κελεύσαντος
1163 591 1200 654 δὲ
1224 591 1332 654 adrat

195 692 321 780 croirp
344 692 530 758 risissemus.
571 687 685 756 τούτου
704 693 764 771 μὲν
786 691 806 774 ἢ
828 689 955 774 τελευτή
975 685 1074 765 uiroc
1097 686 1195 772 ἔσχε·
1226 693 1329 770 βασι-

223 789 350 870 isicii
371 789 575 874 κομιζόμενος
593 793 641 856 ἐπ’
661 786 747 855 οἴκου
767 791 867 878 σχολή
886 789 1065 874 ἐπορεύετο,
1085 793 1144 856 καί
1161 791 1219 854 issi
1243 793 1328 873 Φερ·

224 889 284 976 ρός
308 889 500 977 α’φικόμενος
519 889 641 976 ἡμέρας
668 914 701 954 τε
721 891 886 974 διέτριψεν
908 890 1009 954 edroi
1020 916 1048 960 ·,
1071 891 1241 973 ἠγγέλλετο
1262 889 1346 970 γόρ5

223 989 286 1056 όπό
310 987 464 1056 Παιόνων
484 989 618 1072 στρατόν
638 986 783 1054 ἐλαύνειν
802 986 932 1054 ἐπιόντα
956 987 1011 1054 ἐπί
1028 989 1083 1054 τόν
1097 984 1237 1072 Ἴστρον.
1285 987 1327 1061 σός

223 1093 259 1157 di
290 1089 450 1176 κατάδηλα
482 1093 603 1172 ἐγένετο
636 1089 730 1154 ου’δὲν
758 1081 855 1165 ὄντα,
881 1092 986 1172 παρῆν
1006 1087 1327 1170 ε’ςἈδριανούπολιν

221 1190 259 1255 osi
278 1193 383 1280 πολλῷ
410 1186 567 1272 ὕστερον,
590 1183 659 1270 ἅμα
689 1181 776 1272 όίγεον
809 1191 866 1253 καί
891 1193 955 1252 τοῖν
984 1185 1139 1270 Ἐλλήνων
1159 1191 1325 1270 βασιλέως

218 1288 360 1376 όδελφόν
384 1287 567 1374 Δημήτριον
600 1287 656 1354 καί
683 1297 827 1372 γυναῖκα.
879 1285 913 1363 ἐς
937 1291 997 1366 μὲν
1022 1280 1077 1352 oris
1105 1285 1146 1351 τό
1169 1288 1324 1369 βασιλεια

218 1385 420 1474 ἀφικόμενος,
442 1389 572 1470 πέμψας
598 1385 654 1452 τόν
679 1410 714 1452 τε
735 1387 889 1470 εδνούχον
915 1387 1075 1472 α’πήγαγεν
1095 1385 1157 1450 ἀπό
1181 1391 1243 1469 τῆς
1263 1389 1353 1450 rosit)

217 1487 369 1572 ήγεμόνος
396 1485 566 1572 θυγατρός.
616 1483 759 1574 Ζόγανος
789 1489 825 1552 δὲ
855 1490 1076 1572 καταλειφθείς
1097 1490 1131 1551 ἐν
1154 1491 1323 1551 Πελοπον-

219 1583 319 1676 νήσῳ,
354 1583 437 1669 ἔχων
456 1592 526 1670 μετ’
553 1580 672 1652 όυυτού
701 1585 758 1650 καί
782 1583 818 1652 τό
856 1589 913 1669 τῆς
935 1587 1110 1662 Θετταλίας
1130 1581 1321 1670 στρότευμα

184 1679 295 1750 Βύνευ
318 1691 381 1750 τοῖν
401 1683 628 1772 ἱπποδρόμων,
651 1689 785 1772 καθίστη
816 1683 948 1766 περιαόν
970 1685 1009 1750 τό
1031 1689 1086 1770 τής
1110 1685 1319 1770 Πελοποννή·

217 1809 276 1852 σου
299 1783 493 1869 πράγματα,
522 1789 578 1852 καί
596 1785 718 1872 μεγόλα
752 1785 892 1871 όπίφερε
913 1787 1019 1869 κέρδη,
1040 1782 1132 1860 αδεός
1154 1808 1190 1849 τε
1212 1789 1273 1848 καί
1290 1781 1318 1847 oi

216 1887 272 1969 τής
295 1884 538 1970 Πελοποννήσου
566 1879 742 1971 ἄρχοντες,
771 1886 833 1950 α’πό
854 1909 887 1949 τε
915 1884 1138 1968 οἶνόραπόδοον,
1161 1883 1185 1948 ἃ
1205 1877 1313 1970 κρύφα
1323 1897 1343 1948 ti

217 1979 454 2072 ἀποφερόμενοι
486 1985 666 2068 διεβιβαζον
690 1988 723 2062 ἐς
747 1989 947 2064 Θετταλίαν,
981 1983 1036 2048 καί
1055 1988 1145 2070 δοῖρα
1164 1985 1313 2068 εἰσπρατ-

216 2083 342 2170 τόμενος
361 2085 436 2162 τούς
455 2089 489 2151 ἑν
510 2085 803 2174 τῇΠελοποννήαιρ.
845 2083 900 2150 καί
920 2085 1112 2168 Σαλμενίκην
1132 2082 1312 2150 ἐπελαύνων

216 2184 401 2270 ἐπολιόρκει,
423 2186 535 2269 λόγους
557 2209 592 2249 τε
606 2187 794 2271 προσφόρων
815 2187 962 2260 ἐπιεικεῖς
985 2185 1030 2258 εἰς
1050 2184 1106 2269 τήν
1127 2188 1311 2268 παράδοσιν.
1353 2231 1354 2282 ,

216 2276 302 2350 ούτοι
323 2287 384 2364 μὲν
408 2285 465 2350 osis
479 2283 650 2370 turinum,
669 2289 786 2369 συνέβη
807 2287 842 2348 δὲ
863 2279 993 2368 ύστερον
1012 2279 1108 2368 όσινή
1128 2285 1310 2362 ὑπεξελθεῖν
1353 2283 1354 2292 ’

215 2389 251 2450 tx
269 2387 323 2468 τής
345 2381 543 2467 α’κροπόλεονς
562 2381 677 2468 ταύτης
706 2380 860 2468 Ἑλλήνων
893 2377 1047 2468 όρχοντα,
1070 2384 1219 2448 ε’νιυυτόν
1243 2380 1342 2451 ins-iii

214 2485 384 2568 μείναντα,
412 2480 615 2567 γενναιότατα
634 2484 815 2549 ύποοτόντα
842 2481 896 2550 τόν
917 2482 996 2566 πρός
1013 2487 1148 2566 βασιλέα
1166 2481 1307 2570 πόλεμον,

217 2576 299 2646 aiore
321 2581 545 2667 Μαχουμούτη
578 2586 631 2648 τὸν
654 2587 721 2656 Ῑτού
740 2585 895 2666 βασιλέως
926 2583 1012 2651 οἴκου
1045 2583 1182 2670 ἡγεμόνα
1210 2584 1305 2673 φόνοι

219 2865 303 2918 ganus
320 2849 438 2902 inritans
451 2849 532 2903 istum
553 2852 582 2903 in
595 2853 742 2906 tentorium
764 2870 850 2918 uuum,
863 2869 922 2906 cnm
937 2872 969 2908 eo
989 2855 1142 2908 collocutus
1160 2865 1203 2908 est
1221 2873 1301 2927 usque
1350 2899 1351 2925 ,

218 2921 253 2972 sd
273 2929 389 2972 noctem.
425 2931 521 2990 postea
541 2931 631 2976 autem
648 2941 706 2976 cum
727 2924 815 2978 abiret
828 2927 944 2980 Francus
962 2943 1076 2998 pergens
1098 2927 1133 2978 ad
1151 2945 1230 2979 suum
1248 2937 1302 2980 ten-

218 2993 327 3054 torium,
352 2991 393 3042 ibi
411 2993 569 3046 interiectus
596 3004 638 3048 εει
662 3011 677 3046 ε
701 2997 900 3063 Zag1n0‚cuns
924 3006 954 3049 ut
971 2997 1011 3050 ibi
1027 3006 1168 3051 necaretur
1186 2999 1302 3070 precibus

219 3063 400 3132 impetrasset.
436 3063 528 3116 Franci
548 3083 618 3118 mors
637 3065 697 3118 talis
717 3067 777 3118 suit.
816 3083 860 3119 rex
873 3076 961 3120 autem
981 3087 1030 3139 per
1051 3071 1136 3121 otium
1155 3071 1302 3122 revertebs·
1349 3069 1350 3133 i

219 3141 263 3184 tur
291 3133 409 3186 domum.
445 3152 505 3187 cum
530 3137 683 3190 advenisset
706 3136 834 3200 Pherras,
860 3138 931 3190 diem
959 3139 1000 3192 ibi
1022 3148 1139 3194 moratus
1160 3149 1210 3192 est.
1247 3158 1301 3193 naar
1348 3187 1349 3210 ,

221 3205 291 3256 fama
315 3214 382 3262 erat¹
404 3205 544 3259 Pannones
572 3225 633 3260 curn
660 3209 779 3261 exercitu
803 3209 931 3262 accedere
957 3209 991 3261 ad
1012 3213 1116 3264 istrum.
1153 3211 1200 3264 ubi
1217 3223 1300 3264 eutem

219 3277 356 3343 cognitum
376 3284 417 3330 cst
435 3277 531 3329 tamam
552 3277 620 3332 hanc
638 3294 697 3331 esse
717 3279 820 3344 selsam,
847 3297 902 3332 non
920 3282 1006 3334 multo
1026 3291 1088 3352 post
1105 3282 1300 3356 Adrianopoliss

219 3349 365 3416 pervenit,
395 3347 494 3399 ducens
526 3363 616 3400 secum
635 3350 798 3404 Graecorum
823 3353 892 3421 regis
918 3353 1029 3406 fratrem
1055 3353 1218 3406 Demetrium
1245 3373 1299 3406 cnm

220 3435 315 3470 uxore.
353 3416 400 3470 ubi
420 3419 550 3486 processit
562 3419 591 3470 in
607 3421 707 3489 regiam
719 3421 820 3485 sedem,
840 3425 920 3476 misso
938 3425 1034 3476 nuntio
1050 3425 1202 3478 eunuchum
1220 3425 1299 3478 abdu-

220 3489 261 3542 xit
280 3506 295 3540 a
314 3489 437 3541 custodis
456 3489 528 3541 filiae
553 3487 638 3542 ducis.
686 3493 802 3560 Ziganne
820 3495 867 3563 qui
891 3493 1002 3548 relictus
1021 3497 1110 3548 iuerat
1126 3497 1154 3550 in
1173 3497 1299 3568 Pelopon·

220 3576 296 3622 neso,
318 3559 420 3612 babens
438 3559 489 3612 sub
505 3577 533 3612 se
552 3561 710 3614 Thessaliae
728 3565 882 3628 exercitam,
901 3565 1039 3638 equitibus
1058 3567 1177 3638 exceptis
1196 3585 1235 3620 res
1254 3570 1299 3621 Pe-

220 3630 362 3699 ioponnesi
382 3632 540 3684 circumiens
559 3633 748 3702 componebat.
768 3635 912 3704 plurimum
934 3639 1000 3688 lucri
1027 3645 1085 3690 tum
1108 3639 1172 3690 huic
1190 3641 1298 3692 tumPe-

221 3701 367 3771 loposmesi
388 3701 503 3754 ducibus
522 3703 666 3756 accedebat
685 3704 719 3754 sb
738 3707 887 3776 mancipiis,
907 3725 977 3778 quse
997 3708 1065 3760 cium
1084 3709 1200 3762 serentes
1216 3719 1297 3762 trans·

221 3773 349 3824 miserant
366 3774 395 3824 in
416 3773 592 3826 Thessaliam.
638 3776 859 3844 Peloponnesiaci
878 3795 988 3850 quoque
1019 3781 1134 3850 plurima
1151 3799 1255 3832 munera
1273 3783 1297 3832 in
1345 3779 1346 3784 ’

221 3845 300 3898 istum
323 3843 409 3894 virum
431 3844 618 3913 congerebant.
667 3845 843 3900 Salmonicasn
861 3866 971 3921 quoque
990 3853 1111 3904 exercitu
1130 3851 1296 3914 circumsedit,

222 3920 251 3966 et
276 3930 377 3982 aequas
405 3915 596 3978 condiciones,
625 3917 723 3986 quibus
750 3917 879 3989 oppidani
915 3920 1007 3972 urbem
1034 3921 1177 3986 dederent,
1197 3923 1295 3976 obtulit.

221 3991 355 4036 caeterum
373 3985 502 4054 oppidani
523 4004 568 4038 eas
588 3987 762 4040 condiciones
780 4007 914 4058 respuere,
933 4010 983 4045 uec
1004 3993 1036 4044 iis
1055 3993 1237 4064 obtemperare
1254 4013 1295 4046 so·

221 4055 338 4108 luerunt.
374 4059 488 4123 contigit
507 4066 597 4111 sutem
618 4059 788 4127 postmodum
817 4069 846 4114 ut
865 4063 975 4130 impune
994 4073 1022 4118 et
1039 4065 1150 4116 iiisesus
1170 4067 1250 4118 exiret
1266 4067 1294 4114 ab

222 4141 282 4176 arce
304 4125 355 4176 ista
376 4125 540 4178 Graecorum
560 4129 622 4191 dus,
662 4128 757 4200 oi'pea
774 4149 873 4184 annum
897 4133 935 4186 ibi
957 4144 1097 4198 manserat,
1116 4153 1195 4206 quam
1213 4137 1294 4190 sortis-

222 4195 290 4246 τίπτε
309 4203 337 4246 ει
365 4197 570 4263 generosissime
596 4207 730 4254 sustineus
757 4202 860 4258 bellum
883 4204 957 4275 quod
981 4206 1016 4256 ab
1044 4223 1105 4275 rege
1134 4207 1293 4260 inferebatur.
