2704 4624
302 301 356 364 nr:
383 301 513 366 RERUS
547 297 735 364 TUllClClS
764 301 800 362 L.
821 301 876 362 lll.
1063 293 1130 362 157

8 509 9 526 ,
42 455 201 532 βασιλέως
219 453 339 534 μηδένα
360 453 560 515 κατακαίνειν
585 453 647 514 τεόν
668 451 724 514 τοῦ
743 445 953 532 Παιαζὴτοο,
982 445 1076 528 μόνον
1099 450 1135 512 δέ

45 548 276 632 όττετιδνόμενοι
297 547 424 624 τοότοος
447 550 607 634 ἠφίεσαν·
649 549 688 611 ου’
707 548 767 632 γάρ
789 550 862 632 ἐξῆν
883 544 1063 634 ὁμοφύλους
1085 541 1135 612 όν-

44 675 98 726 τσς
119 650 422 730 ἀνδραποδίζεσθαι.
466 648 656 732 Παιαζὴτης
678 651 713 712 δέ
727 649 875 712 τόναντία
896 649 1015 712 τούτων
1034 647 1136 734 κηρό-

45 755 100 827 ξας
122 751 157 826 ἐς
179 749 212 814 τό
234 746 458 832 στρατόπεδον,
481 745 524 824 τός
543 745 578 812 όν
599 744 638 812 όν
657 747 782 831 λάβοιεν
796 751 853 810 τοῦ
870 743 1017 830 Τεμάρεατ
1039 770 1134 827 orpo-

26 853 103 912 5τοό
113 902 122 934 ,
144 847 264 924 πάντας
286 847 510 914 κατακτείνειν.
549 851 737 930 Σαχροόχος
757 849 816 927 μὲν
839 838 895 909 οόν
916 845 959 920 τός
978 843 1135 930 ἐτρέψατο

47 950 248 1032 Παιαζητην,
271 940 332 1032 ἤδη
353 947 390 1012 τά
416 944 639 1029 στρατεύματα
659 948 819 1030 Τεμήρεοο,
839 945 892 1008 καί
912 940 972 1010 όσα
996 941 1134 1028 ἐμάχον-

45 1073 78 1110 το
97 1053 154 1112 καί
175 1043 236 1111 όσα
257 1045 311 1114 ἐπί
330 1049 386 1112 τοῦ
407 1048 622 1127 στρατοπέδου
645 1043 816 1128 ἐτύγχανεν
838 1037 921 1124 ὄντα,
944 1039 1070 1128 εόρμητο
1084 1045 1138 1108 ἐπί
1188 1075 1191 1084 ·

46 1146 102 1211 τόν
134 1147 329 1230 Παταζὴττοσ
356 1143 489 1228 στρατόν
522 1148 644 1228 φθῆναι
671 1143 872 1226 βουλόμενος.
922 1145 979 1206 καί
1010 1144 1064 1206 ἐπί
1082 1139 1138 1226 την

45 1243 157 1330 χάραν
183 1244 352 1331 ἐτράποντο
374 1245 428 1310 ἐπί
448 1241 644 1329 διαρπαγήν,
665 1246 819 1329 ἐπιδρομῇ
837 1241 1045 1328 χρησάμενοι,
1068 1238 1137 1306 ἕστε

7 1345 107 1428 torric
126 1350 244 1412 Ἰονίου
266 1347 321 1410 καί
340 1349 373 1420 ἐς
399 1344 454 1410 τόν
480 1339 725 1428 Ἑλλήσποντον·
778 1341 857 1407 ἔνθα
886 1338 925 1424 δὴ
947 1343 1061 1405 πολλαί
1077 1343 1137 1420 μέν

48 1449 155 1526 κῶμαι
178 1445 378 1531 ἐλήφθησαν,
398 1448 577 1525 πολίσματα
598 1446 634 1509 δὲ
660 1441 812 1529 ἐρημάθη
834 1439 885 1506 ότι
908 1449 1056 1524 πλείστα,
1074 1443 1165 1504 coivit

49 1541 254 1628 ἱπποδρόμων
280 1545 337 1610 τοῦ
361 1546 510 1627 Τεμήρεοο
545 1542 606 1608 α’νά
638 1541 696 1627 τὴν
725 1544 838 1626 χάραν
863 1543 922 1607 τοό
943 1537 1136 1624 floretque

49 1647 243 1708 διαθεόντων
264 1643 445 1731 άπονταχῇ.

129 1741 220 1826 Περί
237 1743 272 1808 δὲ
291 1740 346 1808 τόν
366 1741 558 1828 Παιαζήτην
578 1739 698 1806 τοιόνδε
721 1743 897 1826 ξυνηνέχθη
916 1737 1074 1823 γενέσθαι.
1094 1737 1137 1816 τός

7 1841 105 1924 Ιδγάρ
138 1837 209 1910 ἔθει
238 1841 298 1908 circi
319 1842 431 1924 κράτος
451 1833 558 1925 οὗτος,
592 1841 746 1906 ἐπέκειντό
765 1864 800 1906 τε
829 1839 884 1906 καί
909 1839 1085 1904 άπεδίοοτιον
1107 1834 1137 1903 oi

52 1939 281 2027 Υςαχοττάϊδες,
299 1941 511 2023 όμιλλιόμενοι
532 1935 615 2006 ἑλεῖν
627 1936 734 2005 αότόν.
777 1943 833 2004 κατ’
853 1937 933 2004 nolti
956 1941 1016 2020 μὲν
1035 1937 1136 2024 πρσό.

48 2049 161 2106 λαοντν
184 2035 241 2106 άτε
262 2043 315 2106 ἐπί
332 2043 416 2130 λ’ππηι
435 2036 600 2127 ταχυτάτην
621 2037 868 2126 ἐπιφερόμενος·
919 2037 1000 2120 μετά
1025 2041 1070 2124 δέ,
1092 2039 1136 2116 τός

49 2142 101 2205 ἐπί
119 2138 174 2205 τόν
197 2139 340 2222 ποταμόν
361 2141 501 2228 ἀφίκετο,
522 2137 689 2223 τηνίιτττον
709 2144 836 2222 λέγουσι
849 2141 1035 2223 διψησασαν
1056 2161 1137 2222 τιαρ-

50 2244 146 2338 τερηός
168 2242 320 2324 ἐθελῆσαι
339 2244 394 2308 τοῦ
414 2236 544 2316 όδατος·
568 2239 758 2325 Παιαζήτης
777 2238 838 2324 γάρ
862 2239 963 2306 ἐνόσει
983 2238 1026 2306 roi
1047 2247 1136 2325 χεῖρε

6 2339 102 2404 aurai
121 2339 167 2404 τά
188 2336 264 2404 πόδε
285 2336 347 2404 aiud
376 2338 552 2424 ποδάγρας,
580 2339 636 2404 καί
653 2349 824 2422 κατασχεῖν
846 2340 905 2422 οόχ
927 2333 993 2416 οἶός
1015 2361 1049 2404 τε
1068 2336 1135 2422 tyt-

51 2462 124 2504 νετο.
168 2441 312 2506 ἐνταῦθα
343 2438 382 2522 δη
416 2439 617 2524 όποχαλόσαι
647 2438 706 2525 τήν
733 2441 827 2506 ἵππον
857 2439 919 2504 όπό
942 2441 998 2506 τοῦ
1018 2437 1136 2521 όδατος

120 2591 144 2640 l.
163 2594 345 2660 καταβαίνειν
363 2591 382 2642 P

52 2743 117 2794 dens
135 2744 163 2794 io
183 2758 239 2814 que
258 2751 330 2797 elatu
350 2760 392 2796 rer
412 2760 475 2796 auae
494 2753 592 2810 creent,
612 2743 771 2807 conscendit
788 2761 882 2815 equam
894 2745 1013 2813 totiaque
1033 2741 1135 2794 viribus

54 2815 133 2884 sugit.
150 2815 272 2866 Temirea
291 2832 351 2866 eum
373 2816 446 2886 priua
467 2815 639 2886 praeconium
659 2813 804 2867 dimisisset
823 2831 870 2884 per
889 2823 983 2872 caetra.
1001 2831 1035 2866 ne
1055 2830 1136 2884 quem

52 2885 85 2936 de
105 2885 227 2937 Paiaaitia
248 2887 364 2938 exercitu
385 2894 513 2956 caperent
531 2895 558 2936 et
582 2886 616 2936 ad
634 2887 827 2956 mancipiorum
851 2885 1038 2936 condicionem
1055 2885 1136 2936 mire-

53 2973 106 3006 ram
127 2956 300 3018 deducerent,
318 2958 420 3008 curavit
437 2965 466 3010 ut
482 2957 604 3026 spoliatis
630 2957 705 3008 abire
723 2959 834 3008 liceret:
853 2974 909 3009 non
929 2956 999 3007 euim
1017 2955 1055 3008 lar
1073 2969 1132 3006 ειιε

53 3027 170 3078 ducebat
194 3035 223 3077 ut
254 3029 368 3096 gentiles
396 3045 457 3079 auor
486 3027 519 3080 nd
545 3027 739 3097 mancipiorum
769 3028 879 3078 sormam
904 3027 1063 3096 redigerent.
1107 3034 1135 3076 at

52 3099 183 3150 Paiaaitee
211 3099 388 3160 contrarium,
410 3107 553 3169 antequam
580 3099 712 3167 praelium
739 3098 866 3160 iniretur,
898 3115 947 3168 per
967 3107 1050 3150 caetra
1068 3111 1134 3148 voce

53 3169 193 3237 praeconia
211 3170 328 3221 narutiari
347 3171 476 3233 inererat,
502 3187 599 3238 nempe
620 3178 650 3222 ut
670 3183 857 3240 quemcunque
875 3167 909 3220 de
929 3171 1043 3222 Temlria
1061 3167 1135 3218 mili-

52 3241 125 3291 tibae
145 3239 246 3292 luerint
264 3241 345 3302 nacti,
365 3256 425 3293 eum
442 3239 518 3293 illico
536 3239 736 3292 obtruncarent.
774 3239 941 3292 Sachruchua
959 3241 1042 3309 igitur
1058 3247 1089 3291 ot
1106 3239 1134 3290 in

51 3311 140 3378 lugam
151 3318 269 3363 verterat
282 3311 395 3373 hostem,
414 3309 466 3363 iam
475 3311 587 3364 Temirir
601 3313 704 3380 copiae,
714 3327 784 3380 quae
801 3311 829 3362 in
843 3299 934 3364 castrt
953 3318 1134 3381 expectarent,

50 3383 160 3434 iunctae
180 3383 362 3450 pugnantibur
381 3384 483 3452 impetu
504 3383 667 3446 serebantur,
685 3383 807 3435 volenter
826 3391 994 3451 praevertere
1012 3381 1134 3434 Paiaaitir

50 3453 207 3504 exercitum.
244 3453 365 3506 converri
386 3455 479 3524 itaque
498 3453 533 3505 ad
551 3454 742 3523 populationes
760 3453 900 3506 maximam
919 3455 1069 3506 vertitatem
1090 3449 1132 3500 le-

48 3541 110 3576 cere
128 3523 158 3576 in
178 3523 255 3576 ionia
274 3532 302 3576 et
322 3523 510 3593 Hellesponto.
560 3525 611 3576 vici
634 3525 756 3594 occupati
776 3533 839 3577 eunt
856 3525 982 3594 plurimi3
1003 3519 1133 3590 oppidula

50 3597 76 3646 in
95 3593 295 3646 desolationem
313 3596 462 3662 migrarunt
474 3596 597 3666 plurima,
614 3595 715 3665 ubique
736 3595 873 3666 equitibus
881 3596 996 3648 Temiris
1016 3595 1045 3644 in
1058 3591 1134 3642 Paia-

6 3673 13 3688 '
49 3667 108 3718 aitis
127 3667 238 3734 regione
251 3663 442 3734 grassantibua.
919 3685 927 3692 ·

117 3737 231 3788 interim
245 3745 335 3789 autem
355 3735 424 3788 baec
441 3735 562 3789 accidere
581 3735 689 3789 Paiaziti
707 3735 831 3802 fugienti.
869 3750 928 3786 cum
951 3733 1055 3800 lugeret
1072 3749 1134 3803 per.

47 3807 185 3859 nicierimo
209 3823 307 3870 σιτττττ,
331 3809 479 3876 lugientem
508 3807 720 3876 insequebantur
740 3805 952 3867 'saachatnidea,
978 3807 1134 3858 affectanter

48 3893 108 3928 eum
126 3893 235 3948 capere.
280 3879 333 3930 iam
351 3879 465 3930 multum
482 3880 587 3930 itineria
605 3877 734 3947 fugiendo
753 3879 920 3938 coniecerat,
939 3876 1033 3945 utqui
1056 3877 1133 3928 velo·

47 3951 151 4000 cierima
177 3947 320 4000 reiteretur
339 3953 429 4019 equa.¹¹
456 3957 627 4020 portentum
654 3949 723 4000 [orte
741 3949 859 4000 venisset
877 3945 909 3998 οδ
934 3945 1042 4010 llumen,
1063 3963 1133 4018 equa

48 4019 221 4072 intoleranda
239 4021 285 4072 eiti
302 4021 439 4072 stimulata
459 4019 554 4072 bibere
583 4019 718 4090 cupiebat.
754 4019 882 4070 Paiaaitea
903 4025 991 4070 autem
1014 4017 1133 4087 chiragra

48 4097 77 4140 et
95 4090 214 4160 podagre
231 4091 384 4158 gravirrime
408 4091 562 4144 laborabat:
592 4089 705 4159 proinde
724 4106 820 4161 equam
839 4106 854 4140 a
872 4089 983 4159 potandi
1004 4089 1132 4159 cupidine

46 4157 170 4216 mittere
191 4161 266 4216 baud
285 4171 401 4235 poterat.
439 4162 609 4252 equaligitur
627 4173 658 4216 ut
675 4161 754 4225 bibit,
773 4178 866 4232 parum
884 4161 1014 4214 disroluta
1033 4157 1132 4212 nonni·
