2730 4630
217 315 286 388 196
467 319 634 385 Leonte!
663 318 1047 384 cuancocottnintn

215 471 384 538 δι’στανται
412 473 448 536 δὲ
471 427 527 536 scd
548 474 579 547 δς
599 468 656 546 τός
677 464 774 544 triac
796 469 885 545 δίκας
906 467 1074 552 δικασταί,
1095 463 1158 531 suis
1183 489 1217 531 ss
1240 467 1311 530 δπι.

215 577 344 654 χωρίων
375 565 465 635 ἄλλοι
494 573 551 636 καί
584 571 617 645 ἐς
647 569 722 644 τοός
744 573 850 648 ξένους
874 561 975 634 citios.
1017 571 1071 632 ε’πί
1090 565 1215 642 τοότοις
1235 567 1311 651 ε’φι-

215 673 325 736 στᾶσιν
347 665 503 754 ἄρχοντας
525 669 769 752 τεσσαράκοντα,
788 670 821 744 ἐς
843 666 900 742 σός
920 665 1050 732 ἐπειδόυ
1071 664 1105 731 αἱ
1126 667 1211 730 δίκαι
1234 667 1311 729 aive.

215 773 393 854 ντχδιόσιν,
416 767 589 836 ιόδόυυυοι
619 767 677 843 τός
696 767 826 852 ψήφους
850 764 883 843 tc
904 765 939 830 τό
960 771 1069 852 σφίσιν
1090 763 1133 840 τός
1155 762 1310 848 κρότιστα

216 869 302 952 ἔχειν
323 873 445 935 δσκοόν.
488 862 527 953 ἢν
546 871 581 934 δὲ
604 865 648 952 μή
671 869 900 953 συμφέρωνται
921 869 954 941 ἐς
973 865 1028 949 τήυ
1051 869 1151 950 δίκην,
1176 863 1231 929 ἐπί
1252 863 1334 947 τήν5

216 975 279 1034 τῶν
300 973 422 1052 simois
437 968 557 1054 βουλήν
578 971 789 1054 διαφέρεται,
811 966 905 1030 κόκτῖ
930 973 1238 1049 πολυπραγμονεῖται
1256 967 1313 1027 καί

216 1068 275 1152 τήν
295 1067 453 1151 α’πόβασιν
472 1068 566 1152 ἴσχει.
611 1071 676 1132 τίσι·
694 1069 753 1148 ptr
776 1059 831 1131 σόν
849 1065 904 1130 καί
923 1059 1017 1130 ἄλλοι
1036 1065 1138 1149 α’ρχαί
1159 1063 1218 1126 οδκ
1242 1062 1312 1128 όλί-

218 1195 272 1254 μαι
295 1171 350 1252 τής
373 1167 519 1252 πόλεως,
552 1171 695 1254 φυλακῆς
716 1189 750 1232 τε
779 1170 850 1250 πέρι
874 1162 1073 1250 καθήκεσιιν,
1097 1166 1152 1230 καί
1180 1161 1213 1240 ἐς
1235 1163 1313 1237 roric

217 1267 326 1343 νυκτός
347 1269 499 1334 α’στασίοιν
526 1267 596 1333 τινό
621 1269 653 1341 ἒς
674 1265 730 1349 τήν
759 1267 851 1332 πόλιν
870 1261 1074 1347 πρόσσοιτας.
1116 1266 1172 1328 καί
1191 1265 1312 1346 dropa-

184 1372 308 1450 Βνόμοι
323 1366 421 1450 ἕτεροι
440 1368 658 1449 subsistentes,
679 1365 752 1442 τοός
766 1366 886 1451 φόρους
895 1367 957 1428 cais
977 1367 1032 1427 ίπί
1040 1387 1103 1428 τινι
1118 1358 1313 1444 πραγμάτων
1323 1369 1352 1421 to

219 1468 273 1532 καί
286 1471 318 1542 ἐς
331 1465 387 1540 τός
400 1464 576 1549 προσόδους
591 1469 646 1550 τής
660 1465 779 1540 πόλεως
795 1465 989 1549 ἀπαιτήσεις,
1013 1460 1042 1527 οἱ
1063 1465 1100 1547 δή
1118 1459 1176 1537 τός
1190 1457 1313 1542 προσό-

219 1569 294 1640 δους
309 1563 492 1650 πρόττουττς
505 1561 738 1644 καθιστάμενοι,
759 1565 809 1649 ἐφ’
825 1561 880 1638 οός
900 1563 937 1647 δή
955 1562 995 1626 τό
1009 1563 1063 1645 τής
1077 1557 1241 1644 ξυμπάσης
1254 1557 1314 1623 πό-

219 1673 298 1740 λεως
321 1661 469 1748 χρήματα
490 1667 545 1727 καί
565 1661 594 1728 οἱ
618 1661 709 1749 φόροι
729 1663 952 1749 διαφέρονται.
976 1654 1125 1747 ἄρχοντος
1147 1663 1182 1726 δὲ
1205 1657 1236 1724 οἱ
1257 1683 1314 1742 γε.

221 1765 425 1848 ραιότεροίτο
449 1763 503 1827 καί
517 1747 671 1844 οἷξιιόμότι
691 1767 837 1844 προέχειν
851 1764 1013 1852 δοκοῦντες
1035 1765 1241 1826 καθίστανται
1255 1757 1311 1822 διό

220 1869 293 1948 βίου
316 1862 357 1939 ὥς
381 1865 515 1946 ἐργῶδες
538 1857 575 1927 δν
594 1867 663 1926 κατ’
691 1860 834 1926 ἐνιαυτόν
856 1862 1037 1944 λογίζεσθαι
1057 1858 1113 1935 τός
1134 1857 1314 1944 προσόδους
1324 1873 1353 1924 15

221 1989 255 2030 τι
275 1968 330 2030 καί
347 1961 475 2044 ἐξόδους
494 1967 551 2046 τής
571 1963 687 2038 πόλεως
698 2015 707 2044 ,
739 1959 756 2028 ό
778 1987 809 2028 τι
830 1955 869 2026 όν
886 1959 1064 2045 α’πογὲνοιτό
1090 1984 1124 2024 το
1144 1959 1199 2024 καί
1220 1983 1315 2042 περι-

221 2068 342 2148 γένοιτο
366 2063 471 2127 αδτιόν
490 2065 552 2127 τοῖν
569 2063 753 2148 χρημάτων.
797 2063 859 2126 α’πό
881 2063 940 2144 μὲν
962 2053 1020 2125 otiu
1040 2061 1157 2126 raticosa
1178 2057 1313 2144 αἷροῦν.

221 2188 275 2228 ται
299 2167 410 2250 σφίσιν
432 2157 577 2244 ήγτμόνο,
599 2161 728 2228 όπειδόν
749 2159 841 2248 σφίσι
869 2158 1049 2248 τελευτήσῃ.
1092 2163 1124 2236 ἐς
1142 2157 1180 2225 τό
1201 2163 1314 2242 πρῶτα

141 2295 144 2302 ’
222 2257 317 2346 τιμής
339 2261 507 2346 ιίνήκσυσιν
529 2263 562 2337 ἐς
581 2261 695 2348 ταύτην
716 2259 774 2345 τήν
788 2263 970 2326 πολιτείαν·
998 2257 1090 2336 τοός
1113 2279 1147 2323 το
1168 2260 1229 2342 γὰρ
1251 2263 1315 2342 δή·

223 2362 364 2445 σαυροός
393 2366 449 2426 καί
474 2361 529 2436 τός
563 2363 739 2443 προσόδους
765 2363 925 2445 ἐφορῶσιν
945 2351 1029 2424 οότοι
1052 2359 1108 2424 καί
1125 2359 1355 2442 &casparini-20

120 2469 149 2524 Ρ.
164 2469 306 2526 ίοόυυσι.
347 2464 580 2544 χρηματίζουσι
602 2463 637 2526 δὲ
659 2463 770 2546 σφίσιν
792 2463 824 2534 ἐς
846 2459 901 2543 τήν
924 2460 1028 2543 οἷρχήν
1053 2461 1166 2544 αὐτῶν,
1187 2456 1249 2522 σόν
1269 2460 1316 2544 τῷ

224 2557 352 2647 ήγεμόυι
374 2558 619 2644 παραγενόμενοι
641 2557 710 2624 ἔστι
734 2559 883 2643 α’κρόασιν
917 2563 1079 2644 πρέσβεων
1100 2557 1155 2623 καί
1174 2559 1237 2622 τοῖν
1256 2581 1315 2640 με·

293 2735 319 2788 t.
338 2735 385 2803 uis]
406 2739 454 2794 ent
470 2735 501 2792 τό
522 2735 593 2799 oiri)
662 2735 689 2789 8.
709 2715 774 2792 καθ’
794 2736 920 2810 ήμίρανῖ
938 2753 973 2789 aa
991 2741 1056 2792 καθ’
1075 2734 1214 2804 &datust

225 2908 352 2970 virorum,
370 2906 490 2976 adquae
508 2907 654 2958 sententias
673 2923 753 2976 super
770 2905 915 2978 puniendis
929 2905 1052 2958 sontibus
1071 2907 1263 2968 transmittant,
1281 2914 1313 2958 ut

225 2977 372 3047 dispiciant
392 2993 456 3028 num
474 2985 502 3028 et
517 2977 583 3047 ipsis
602 2980 753 3030 sententiae
779 2979 881 3047 optime
899 2977 999 3030 trabere
1019 2976 1169 3030 videantur.
1206 2979 1226 3028 si
1250 2995 1313 3028 sen-

224 3051 328 3100 tentiae
346 3047 535 3116 displicuerint
555 3056 582 3100 st
608 3049 660 3118 ipsi
680 3049 751 3100 inter
768 3065 795 3099 se
815 3047 997 3110 dissenserint,
1012 3051 1149 3118 negotium
1169 3055 1256 3100 tntum
1276 3049 1312 3098 ad

225 3127 396 3170 evocatorum
416 3127 538 3171 senatum
560 3118 683 3171 retertur.
729 3117 773 3170 hic
794 3121 945 3172 sententiae
968 3121 1052 3172 muita
1069 3118 1210 3186 diligentia
1230 3135 1313 3170 escu-

224 3191 329 3241 tiuatur
349 3195 378 3239 ot
398 3188 507 3240 tandem
526 3188 560 3240 ad
579 3189 659 3242 fidem
677 3188 820 3242 ducuntur.
865 3199 928 3242 sunt
946 3199 974 3242 et
993 3191 1038 3242 aiii
1060 3192 1229 3258 magistratus
1248 3191 1312 3259 plu-

225 3261 286 3312 rimi
311 3263 340 3311 in
364 3259 514 3310 custodium
543 3261 616 3310 urbis
637 3261 793 3329 comparati.
831 3269 894 3313 sunt
920 3261 1020 3330 quibus
1038 3264 1175 3329 negotium
1195 3261 1311 3312 civitatis

225 3333 392 3384 commissum
411 3339 452 3382 est
466 3332 494 3382 in
519 3347 565 3382 eos
584 3332 631 3400 qui
650 3331 831 3383 ‹ieiectioaem
854 3330 973 3402 aliquam
992 3333 1047 3384 sire
1067 3333 1213 3384 tumultum
1227 3341 1310 3383 noctu

225 3403 370 3454 concitant.
409 3409 516 3452 suntet
534 3419 620 3452 rerum
639 3403 773 3453 venalium
800 3413 881 3472 atque
900 3403 968 3454 adeo
991 3406 1073 3455 tutius
1092 3405 1145 3455 fori
1165 3401 1311 3474 praesides.

226 3475 272 3525 aiii
293 3470 448 3543 praesident
472 3471 649 3540 vectigalibus
677 3489 780 3534 rerum,
809 3474 856 3524 alii
880 3484 945 3525 sunt
965 3475 1126 3526 tributorum
1146 3483 1174 3525 et
1194 3475 1312 3525 civitatis

225 3545 361 3596 redituum
382 3550 526 3594 exactores.
563 3542 672 3611 quidam
694 3545 840 3612 praepositi
859 3553 922 3596 sunt
935 3545 1108 3614 vectigalibus
1121 3553 1149 3604 et
1167 3545 1311 3607 reditibus,

225 3615 260 3666 ad
281 3631 349 3685 quos
367 3613 506 3664 universae
535 3614 650 3665 civitatis
670 3631 735 3684 opes
754 3613 882 3666 adhibitis
904 3615 1122 3668 observatoribus
1143 3615 1311 3669 deferuntur.

224 3688 393 3753 magistratus
412 3683 456 3735 bic
474 3691 580 3736 coastat
597 3685 659 3736 viris
682 3693 769 3736 aetate
792 3693 819 3736 et
838 3685 985 3738 honoribus
1005 3687 1175 3756 gravissimis,
1197 3689 1244 3758 qui
1264 3703 1313 3757 per

225 3759 374 3808 universam
395 3757 474 3806 vitam
493 3757 571 3806 istum
591 3756 770 3822 magistratum
786 3757 913 3821 retinent,
933 3759 996 3828 quia
1014 3756 1121 3810 difficile
1140 3757 1249 3810 videtur
1265 3775 1312 3808 ac·

225 3835 303 3896 cepta
325 3835 353 3878 et
371 3841 486 3895 expensa
505 3826 630 3891 civitatis,
652 3827 716 3896 quid
735 3825 902 3896 expendatur
917 3836 946 3881 et
962 3827 1031 3896 quid
1050 3829 1174 3898 supersit,
1194 3838 1312 3899 quotan-

224 3895 267 3948 nis
289 3903 443 3965 compntare
463 3904 492 3947 et
509 3897 613 3966 singula
634 3898 661 3947 in
681 3897 795 3949 rationes
819 3899 927 3950 referre.
965 3916 999 3950 es
1017 3899 1058 3956 bis
1077 3899 1129 3952 sibi
1151 3899 1248 3951 ducem
1267 3917 1312 3950 ca-

223 3968 313 4038 piuat,
331 3965 440 4050 quando
468 3969 491 4018 is
511 3983 557 4036 qur
575 3985 663 4019 rerum
681 3969 787 4038 potitur
809 3977 929 4021 mortuus
948 3969 1039 4021 fuerit.
1076 3970 1175 4042 quiesi
1195 3973 1312 4040 primurn

225 4037 363 4105 dignitatis
382 4035 469 4090 iocum
487 4039 573 4090 crecti
592 4039 702 4102 inerint,
722 4040 755 4090 ad
776 4040 855 4092 istum
873 4039 979 4092 tandem
999 4039 1128 4094 bonorem
1147 4057 1313 4110 promorea-

224 4117 276 4160 tur.
314 4107 453 4159 thesauros
481 4117 564 4179 atque
593 4111 678 4161 totius
698 4109 772 4162 urbis
790 4127 855 4180 opes
874 4119 902 4161 et
930 4109 1032 4162 reditus
1053 4113 1201 4182 inspiciunt
1221 4122 1249 4164 et
1268 4123 1313 4164 tu-

224 4187 323 4232 tentur.
362 4193 454 4230 sorum
478 4176 592 4232 officium
610 4189 667 4244 est,
686 4181 733 4234 nbi
757 4181 938 4250 magistratum
961 4179 1032 4234 huuc
1049 4183 1180 4246 inierint,
1200 4186 1312 4237 consui-
