2730 4630
335 303 390 366 ni:
414 305 544 370 unius
570 305 758 372 inlicitis
787 309 823 370 L.
844 311 900 372 lv.
1066 303 1135 372 197

43 450 151 538 yoiicos
173 447 236 517 εἴτε
258 453 415 534 βασιλέων
438 449 502 518 εἴτε
520 453 575 518 καί
601 453 764 538 ἡγεμόνων
791 455 967 543 οἷναφορός.
1007 457 1063 524 καί
1085 451 1141 523 όν-

47 556 124 634 δρες
144 541 233 616 οὗτοι
253 553 272 635 ἡ
292 555 346 634 τῆς
362 544 481 628 πόλεως
502 545 558 638 όλη
576 557 712 637 ἐξουσία,
735 555 923 638 ὀνομάζεται
943 559 979 622 δὲ
991 557 1047 622 καί
1066 553 1140 642 ἡγε-

46 654 156 732 μονία.

136 753 281 834 Προέχει
311 751 346 814 di
374 743 496 834 αότηῆ
529 745 620 829 πόλις
644 755 733 820 δυοῖν
752 757 813 820 rur
833 758 868 820 ἐν
887 757 924 843 τῇ
942 755 1059 845 Ἰταλίη
1080 751 1141 820 πό-

25 857 144 930 nieme,
166 852 273 914 οίκιοόν
294 871 327 914 τε
359 851 532 940 εὐπρεπείᾳ
558 851 613 916 καί
640 858 815 941 κατασκευῇ
841 858 905 920 τεόν
930 852 985 920 ἐπί
1002 858 1060 937 ’τῆς
1079 859 1140 920 θα-

49 947 172 1035 λάσσης
194 951 458 1033 οἰκοδομημάτων,
481 950 524 1027 ὥς
545 947 580 1014 τό
602 954 717 1016 ἐπίπαν
737 955 793 1038 τῆς
815 950 945 1034 πόλεως,
966 957 1021 1020 καί
1043 951 1143 1019 πλοό-

49 1075 93 1138 τρι
113 1053 177 1115 τεόν
196 1046 231 1114 ἐν
252 1051 292 1136 τῇ
314 1047 403 1113 πόλει
437 1050 659 1132 ἐνοικούντων,
681 1047 737 1117 ότε
757 1057 810 1136 τῆς
833 1053 952 1132 πόλεως
972 1053 1026 1120 iret*
1045 1059 1143 1134 ε’μπο.

50 1153 126 1232 ριάν
142 1147 326 1232 ἐπιτηδείως
352 1145 486 1233 όχοόσης
511 1146 555 1226 ὥς
583 1149 720 1232 μάλιστα
750 1156 804 1218 καί
833 1153 983 1237 χρήματα
1004 1154 1144 1230 ου’πετιός

50 1251 271 1331 ποριζομένης.
324 1247 511 1332 κεκόσμηται
539 1251 573 1314 δὲ
605 1253 624 1334 ἢ
649 1253 739 1328 πόλις
759 1249 840 1338 αότη
862 1250 902 1318 τό
923 1277 957 1319 τε
980 1247 1071 1334 sitta,
1089 1257 1145 1320 καί

11 1349 181 1434 λοὲπινείιρ
209 1344 298 1422 ἐντός
330 1350 385 1430 τῆς
405 1346 523 1424 πόλεως
553 1351 806 1440 ρι’κοδομημένηι,
829 1357 984 1442 καλλίστῳ
1006 1375 1041 1416 τε
1063 1355 1172 1417 iterra

50 1445 110 1509 καί
128 1441 385 1533 είπρεπεστότιρ,
406 1456 475 1522 ταῖς
500 1445 660 1532 τριήρεσιν
690 1453 888 1537 ἐξηρτυμένην
918 1451 961 1527 τός
982 1457 1145 1526 πλείσταις
1210 1443 1214 1458 ’

52 1549 112 1609 καί
129 1548 247 1622 πλοίοις
280 1539 387 1621 ἄλλοις
410 1544 698 1630 παμπόλλοις,καί
718 1551 758 1636 τῇ
781 1553 879 1636 σκενῇ
899 1549 1019 1614 τοότιον
1039 1549 1146 1635 spurt.

52 1669 117 1720 νοις
138 1669 171 1710 τε
191 1643 307 1732 ἐχοόση
324 1648 435 1728 usitari,
449 1647 511 1710 u'rui
532 1669 567 1712 τε
588 1643 693 1712 όπλονν
714 1655 770 1714 καί
782 1643 886 1714 όλλιον
907 1642 968 1713 όσα
983 1651 1016 1723 ές
1036 1652 1147 1732 χρείαν

54 1749 151 1830 φέρει
170 1752 240 1818 ταῖς
260 1749 363 1811 ναυσί.
417 1747 516 1830 διηκει
537 1749 572 1812 di
592 1749 646 1812 ἐπί
665 1752 758 1813 πέντε
779 1748 937 1828 σταδίους,
960 1750 1015 1812 καί
1035 1741 1147 1830 ἄνδρες

14 1841 100 1916 isaie
132 1848 274 1908 πλεῖστοι
302 1837 503 1928 ἐργαζόμενοι
531 1847 631 1910 αὐτοῦ
662 1850 733 1910 καθ’
767 1841 898 1932 ἑκάστην
927 1851 959 1924 ἐς
983 1845 1039 1921 τός
1059 1848 1147 1922 ναός.

54 1941 216 2026 ἄρχοντας
238 1945 273 2008 di
294 1941 460 2028 αἱροῦνται
478 1951 532 2010 τοῦ
552 1944 699 2011 ἐνιαυτοῦ
714 1944 771 2010 δύο
790 1949 823 2021 ἐς
841 1945 873 2012 τό
901 1948 1034 2012 έπίνειον
1053 1949 1148 2011 τοῦτο

53 2047 114 2108 καί
132 2045 166 2119 ἐς
185 2040 355 2123 ξόμπασαν
383 2042 441 2126 τη“ν
460 2041 666 2130 κατασκευήν.
723 2049 828 2121 innare
847 2048 882 2110 di
904 2045 997 2110 oridia
1017 2071 1049 2110 τι
1069 2048 1150 2130 χρῆ-

53 2169 109 2208 ται
130 2141 151 2227 η’
172 2143 264 2218 πόλις
284 2139 389 2229 αὕτη,
408 2143 488 2208 όλλοὶ
519 2147 599 2231 πεζῇ
620 2169 655 2208 τε
687 2147 735 2209 ἐπ’
756 2141 911 2229 ἀλλήλους
937 2149 1073 2230 φοιτῶσι
1094 2145 1151 2210 κατ’

55 2246 258 2327 πλοιαρίοις,
287 2246 328 2330 τῇ
345 2246 405 2324 μὲν
424 2247 478 2328 τῆς
496 2245 660 2329 θαλάσσης
682 2241 736 2308 dni
758 2247 822 2308 suis
843 2247 950 2308 οἰκιῶν
970 2241 1149 2330 διηιοόοης,

12 2347 95 2430 20τῇ
118 2345 156 2407 δὲ
177 2343 232 2408 καί
252 2343 357 2408 odedu
378 2348 638 2428 κατεστρωμένον
666 2348 808 2428 πλίνθοις
831 2342 997 2431 ἁπανταχῇ
1015 2346 1072 2427 τῆς
1093 2343 1152 2406 πό-

55 2451 148 2520 λεως.
191 2445 290 2524 τείχει
314 2444 349 2506 δὲ
369 2445 463 2509 ου’όὲν
481 2447 704 2528 περιβέβληται
724 2441 742 2528 ἦ
766 2443 867 2520 πόλις.

145 2539 212 2617 Teis
231 2545 340 2624 μέντοι
361 2540 464 2626 ἄρχός
485 2545 550 2607 τοῖν
570 2546 732 2630 σφετέρων
752 2543 875 2609 πόλεων
892 2539 961 2609 ἔστι
982 2541 1040 2628 τήν
1059 2532 1183 2626 iuer-c

134 2718 161 2770 5.
179 2717 237 2773 τοῖν
256 2719 313 2795 ἐπὶ]
331 2719 379 2774 irai
396 2718 454 2776 τῶν
470 2721 489 2772 Ρ
585 2719 626 2774 to.
648 2719 780 2776 κάλλιστα
799 2723 819 2774 Ρ
890 2721 933 2772 11.
951 2721 1122 2793 ἐξηρτημένα
1138 2723 1155 2772 Ρ

63 2887 218 2942 tationibus
237 2905 298 2940 cum
315 2889 439 2961 principe
456 2907 569 2956 vacare,
595 2899 622 2943 et
644 2907 702 2942 cum
721 2889 817 2943 eodem
835 2889 985 2959 legationes
1002 2891 1154 2962 principum
1214 2893 1220 2906 “

63 2975 215 3030 regumque
234 2959 379 3011 relationes
408 2961 508 3014 audire.
554 2971 673 3032 potestas
690 2963 774 3014 totius
798 2961 915 3014 civitatis
933 2977 1016 3031 penes
1033 2959 1084 3014 hos
1103 2970 1156 3029 στος

64 3043 96 3084 rt
109 3047 203 3082 revera
221 3031 400 3100 principatum
420 3031 580 3100 gubernant.

137 3102 239 3154 Civitas
258 3103 307 3152 ista
325 3099 430 3154 duobus
442 3120 533 3156 omnes
549 3103 643 3155 ltaliae
655 3100 734 3154 urbes
753 3101 897 3165 antecedit,
916 3101 1045 3154 videlicet
1063 3099 1159 3154 domo·

65 3191 124 3226 rum
148 3173 364 3242 magnificentia,
394 3182 423 3226 et
441 3175 624 3226 aedificiorum
644 3189 714 3243 quae
738 3172 766 3224 in
784 3174 852 3224 mari
870 3173 1010 3226 aedificata
1029 3181 1093 3225 sunt
1110 3191 1158 3243 ap-

64 3251 174 3315 paratu.
221 3243 331 3298 excellit
358 3252 386 3296 et
413 3245 575 3314 opulentia,
594 3261 663 3312 quae
690 3260 773 3312 penes
801 3245 872 3294 cives
893 3253 949 3295 est:
967 3262 1027 3295 nam
1047 3261 1105 3295 ειιια
1124 3245 1160 3295 sit

65 3325 237 3366 mercaturae
263 3323 291 3366 et
320 3315 549 3383 negotiationibus
575 3314 689 3377 idonea,
708 3314 738 3365 iit
766 3323 796 3366 ut
825 3316 932 3366 incolae
951 3315 1079 3382 plurimas
1099 3313 1160 3364 binc

65 3387 202 3454 colligant
224 3403 299 3456 opes.
346 3395 473 3438 exornata
501 3395 541 3438 est
567 3387 661 3436 eudem
683 3385 746 3436 urbs
774 3385 885 3454 pulchra
904 3389 1012 3437 navium
1033 3386 1160 3445 statione,

65 3473 141 3528 quae
160 3458 232 3508 intes
252 3457 344 3510 urbem
364 3459 414 3510 tite
433 3466 481 3520 est,
499 3455 680 3528 pulcherrima
699 3461 727 3506 et
745 3459 930 3509 amoenissima
946 3457 1013 3516 uisu,
1031 3457 1161 3506 instructa

65 3528 227 3582 triremibus
252 3529 423 3598 naribusque
452 3529 513 3579 aliis
533 3527 665 3600 plurimis.
702 3528 827 3596 copiosus
850 3528 889 3580 ibi
912 3534 953 3578 est
970 3532 1113 3594 apparatus
1131 3525 1160 3575 iu

65 3607 199 3671 promptu
226 3609 449 3650 armamentorum
479 3607 507 3650 et
533 3599 647 3649 aliorum
677 3613 745 3666 qtrae
763 3616 842 3650 naues
861 3598 1009 3668 postulant.
1046 3595 1161 3663 spatium

66 3679 186 3740 occupat
208 3671 330 3740 quinque
351 3667 506 3722 stadiorum.
544 3671 593 3720 uiri
618 3669 771 3736 complures
790 3669 911 3739 quotidie
931 3667 983 3717 huc
1001 3675 1160 3726 commeant.

66 3748 217 3810 operantes
237 3739 332 3792 sedulo
351 3749 381 3792 ut
405 3757 474 3809 quae
496 3741 531 3792 sd
556 3757 636 3791 naves
654 3739 792 3808 pertinent
808 3758 862 3791 non
881 3737 978 3788 desint.
1014 3739 1161 3808 quotannis

64 3815 140 3866 viros
157 3811 227 3862 duos
243 3811 348 3879 eligunt
367 3811 517 3880 primarios,
538 3812 585 3880 qui
603 3810 713 3861 stationi
725 3810 764 3859 illi
779 3811 978 3878 praeficiuntur,
997 3817 1028 3860 ut
1041 3825 1072 3860 εε
1091 3825 1161 3880 quae

65 3883 103 3934 ad
124 3883 213 3951 ipsam
241 3890 365 3950 spectant
395 3881 491 3932 sedulo
510 3889 662 3952 procurent.
707 3895 836 3949 equorum
864 3881 956 3930 nulius
976 3879 1004 3930 iu
1024 3880 1074 3932 ista
1095 3881 1161 3932 urbe

66 3971 144 4005 usus.
183 3951 303 4022 pedestri
333 3954 429 4004 itinere
457 3961 569 4004 utuntur
593 3953 620 4002 in
642 3949 826 4018 congressibus
851 3951 957 4006 mutuis.
994 3953 1160 4020 navigiorum

67 4042 134 4076 usur
150 4023 226 4092 apud
246 4039 293 4074 eos
313 4023 439 4094 frequens
459 4032 509 4086 est,
527 4040 585 4076 curn
607 4039 680 4073 mere
699 4031 814 4086 transeat
832 4037 881 4090 per
902 4020 1006 4074 domos.
1022 4033 1162 4093 praeterea

66 4096 135 4148 urbs
154 4103 214 4146 tota
233 4095 331 4162 tegulis
351 4097 488 4163 integitur,
507 4111 557 4145 nec
575 4093 638 4144 ullis
654 4092 793 4148 moenibus
814 4093 937 4161 cingitur.

162 4164 336 4233 Magistratus
356 4181 424 4235 quos
452 4165 564 4218 urbibus
594 4164 621 4214 in
648 4165 742 4216 italiae
763 4166 919 4216 continente
939 4165 1013 4216 etin
1031 4165 1162 4216 nsttritims¹
