2696 4616
357 349 411 412 nn
445 349 581 414 annus
597 347 791 415 anncrcrs
819 353 855 414 s.
875 353 915 414 x.
1100 336 1185 415 547.

2 497 11 530 ¹
78 499 159 567 αλλό
180 502 256 584 περὶ
272 503 332 582 μέν
350 503 406 583 τής
425 503 596 582 πρεσβείας
615 504 742 584 πρῶτον
769 497 906 584 ἔρχομαι
929 501 1012 583 ipsis
1034 498 1078 580 ιός
1097 495 1174 590 όφι.

3 599 5 632 ¹
74 604 216 680 νομένων
237 603 302 664 τῶν
322 603 485 682 πρέσβεων
504 599 605 684 ἡμῶν,
630 601 802 682 ἐλλογίμων
817 594 918 665 όντων
939 594 1009 682 ἅμα
1028 602 1085 666 rat
1102 606 1174 679 ξυν-

72 703 168 782 ετιόν,
191 692 264 764 orire
289 697 486 783 ἐπιστροφήν
504 699 676 782 ἐποιήσατο
697 701 761 764 τόν
784 703 957 784 πρέσβεων,
977 699 1175 784 ἐξαπατήσας

3 802 10 832 ³
71 819 105 863 re
125 801 168 886 τρῖ
188 796 268 886 λόγῳ
299 795 339 862 τό
362 799 490 862 ἐναντία
521 801 671 884 φαίνεται
692 795 877 884 πεποιηκώς.
921 795 1004 865 οόοτε
1023 799 1082 864 ode
1100 793 1200 864 οἶδαΒ

3 907 9 940 ²
45 893 92 962 56
114 923 146 963 τι
169 893 210 963 όν
244 895 348 981 ἔχοιεν
384 897 471 988 αότρῖ
502 901 603 982 λέγειν
631 897 660 964 oi
692 903 841 983 πρέσβεις
868 899 1107 984 ε’πικαιρότερον
1128 890 1175 963 οἷν

4 1009 10 1041 ’·
71 1001 213 1082 πρόσθεν
231 997 420 1084 ἀφικόμενοι
440 999 661 1082 ἐχρημάτιζον,
683 1001 714 1064 ει’
724 998 768 1082 μή
793 995 844 1063 ότι
866 993 1093 1076 ἀδυνατοῦντες
1114 999 1175 1063 πόιΙ
1257 1057 1262 1064 .

3 1111 9 1144 ='
73 1105 169 1180 λεμον
189 1099 352 1184 ἐπιφέρειν
373 1101 525 1181 πρέσβεσι
540 1095 734 1163 διαλύεσθαι
753 1095 930 1180 βοόλεσθαι
953 1095 1038 1182 ήμόῖς
1056 1097 1097 1163 τό
1119 1099 1176 1182 iy-

6 1210 11 1222 ‘
71 1197 227 1282 κλήματα,
249 1200 282 1272 ές
308 1204 461 1264 τοσοῦτον
492 1197 577 1285 αότῷ
610 1200 853 1282 προσφέρεσθαι
880 1196 1036 1280 περὶτῶν
1058 1195 1176 1281 ήμετέ-

3 1313 11 1324 ’“
73 1323 147 1380 ρων.
190 1301 293 1363 ταῦτα
315 1300 372 1378 δέ,
403 1290 509 1380 οἶμαι,
539 1302 643 1372 καλῶς
674 1293 760 1380 εἶχεν
782 1291 869 1386 αότῷ
887 1299 1045 1381 λέγεσθαι,
1070 1294 1109 1382 ἢν
1128 1297 1172 1383 μή

3 1393 240 1481 ιιΟτόἎργος
269 1398 471 1478 παραλαβών
499 1396 634 1478 πόλεμον
663 1395 740 1480 ήμῖν
768 1400 953 1483 περιφανῶς
974 1397 1172 1482 όπογγέλλει.
1343 1431 1344 1472 3

3 1537 4 1540 ν
71 1502 221 1580 ἐπειρᾶτο
240 1499 300 1578 μέν
321 1500 435 1579 μέχρις
458 1487 495 1560 οὗ
516 1499 620 1560 ταῦτα
640 1489 680 1558 όν
708 1499 869 1582 φέροιμεν,
890 1495 946 1560 καὶ
964 1498 995 1562 εί
1015 1499 1076 1578 μὲν
1104 1489 1175 1560 cius.

68 1597 209 1680 χόμεθα,
231 1589 293 1679 ήδη
313 1603 430 1680 χωρεῖν
450 1587 548 1660 αότόν
563 1595 618 1658 xus*
636 1594 691 1658 ότιό
703 1592 743 1658 τό
760 1592 853 1658 λοιποὶ
876 1594 988 1674 deser,
1010 1595 1042 1660 εἰ
1062 1595 1098 1657 δέ
1116 1596 1172 1678 μή,
1343 1593 1344 1624 ¹

2 1719 7 1753 r
71 1695 253 1780 ὑποχωρεῖν
283 1689 346 1780 ἤδη
377 1697 411 1770 ές
432 1689 508 1759 όσον
527 1695 613 1780 crispi
637 1692 696 1779 dp’
723 1689 813 1778 ήμιόν
834 1701 1041 1778 συγχωροίτο,
1061 1691 1117 1758 καί
1135 1693 1171 1759 έν

7 1840 10 1850 ·
70 1795 173 1884 τούτῳ
192 1793 249 1878 τήν
268 1793 448 1876 α’πόπειραν
466 1795 689 1878 ποιησόμενος,
712 1794 806 1858 otidis
826 1797 934 1875 μέντοι
952 1787 1042 1878 ἦττον
1062 1791 1200 1878 χωρή-0

3 1909 136 1961 ’λῦσαν
158 1897 213 1959 ἐπι·
231 1892 287 1960 ’τόν
306 1895 454 1975 πόλεμον.
509 1897 540 1960 εί
560 1895 596 1958 δὲ
615 1891 680 1978 μή,
711 1895 824 1976 λεγέτω
845 1895 905 1974 μέν
923 1915 988 1978 μοι,
1009 1893 1065 1959 καί
1084 1897 1171 1976 πριό-
1343 1889 1344 1976 ¹

2 2025 8 2058 ι
70 2014 127 2059 τον
158 1995 215 2060 ius*
233 1991 480 2078 Πελοπόννησον
515 1991 709 2078 ἀφικόμενος
738 1991 797 2076 τήν
825 2015 861 2059 τε
882 1985 1024 2077 Εὔβοιαν
1054 1995 1170 2079 ἐπέστη
1343 1983 1344 2042 ι

3 2127 5 2160 ε
69 2095 229 2177 ὀψόμενος
252 2093 329 2180 οἴω,
348 2097 403 2159 καὶ
423 2093 477 2158 ε’πό
496 2092 554 2177 τήν
572 2095 718 2175 Εόρίπου
740 2091 843 2166 πόλιν,
885 2093 940 2158 sui
960 2093 1051 2171 ἐξιτόν
1074 2083 1171 2168 αόθις

69 2195 133 2259 α’πό
163 2193 433 2278 Πελοποννήσου,
454 2198 509 2258 τιαό
540 2195 576 2258 τό
609 2195 756 2278 δεότερου
778 2188 839 2280 ήδη
862 2195 1004 2260 ἒλαόνων
1024 2193 1086 2259 σόν
1105 2201 1171 2270 τοῖς

69 2298 311 2380 πειρασομένοις
332 2297 392 2358 του·
411 2293 531 2378 πόρου,
551 2295 683 2388 α’φίιιετσ
704 2296 737 2369 ές
759 2287 837 2375 όψιν
856 2294 1063 2379 τήςπόλεας,
1084 2288 1170 2370 όπως

16 2387 109 2464 Ξοόν
130 2394 189 2477 τήν
223 2392 404 2478 προσβολήν
435 2390 624 2476 ποιήσαιτο,
650 2391 747 2458 όπιιόν
779 2396 834 2458 end
853 2393 912 2478 τήν
934 2392 1035 2464 πόλιν.
1078 2391 1134 2458 κατ’
1150 2381 1167 2457 ό

3 2529 5 2562 ι
67 2497 126 2574 μέν
143 2495 228 2582 ἵππῳ
252 2494 368 2576 διαβός
401 2491 457 2558 τόν
486 2485 630 2578 Εόριπον
659 2497 781 2559 συνίδοι
811 2489 895 2572 όττως
915 2491 1038 2578 βόσιμό
1059 2515 1093 2558 τε
1115 2491 1165 2578 εἴη

144 2654 169 2706 5.
191 2655 442 2728 ίπιτιήριλτατονΡ
523 2656 567 2708 21.
585 2655 737 2714 nvrstder?

70 2811 98 2858 et
116 2808 145 2860 in
163 2823 213 2860 nos
231 2807 327 2861 damna
347 2813 463 2862 maxima
481 2811 681 2864 redundabunt
718 2821 886 2884 quapropter
902 2809 1005 2864 bellum
1022 2810 1165 2882 prolatan-

3 2921 4 2940 2
68 2879 134 2929 dum
156 2886 211 2944 est,
230 2887 258 2930 et
275 2881 374 2950 legatio
392 2883 536 2944 mittenda,
554 2899 624 2954 quae
651 2885 703 2935 ists
722 2881 828 2936 efficiet.
865 2882 1054 2952 delegatione
1075 2883 1164 2954 primo

3 2985 5 3012 ,
68 2950 149 2998 verbe
169 2951 273 3001 taciem.
310 2969 371 3002 num
391 2969 449 3003 cum
467 2955 548 3022 legati
566 2955 666 3017 nostri,
686 2955 736 3005 viri
755 2954 903 3024 prudentes
922 2963 951 3006 et
970 2953 1165 3022 intelligentes,

3 3057 4 3084 2
70 3021 105 3070 sd
127 3037 188 3071 eum
210 3023 408 3085 convenissent,
428 3039 521 3076 eorum
539 3027 642 3076 nnllam
654 3025 786 3078 rationem
804 3023 917 3077 habuit:
933 3039 1026 3078 rerum
1046 3021 1163 3076 frsurlu-

72 3091 154 3142 lentis
174 3097 202 3142 et
220 3091 322 3144 dolosis
340 3095 507 3146 sermonibus
528 3113 591 3147 usus
611 3097 757 3158 contraria,
777 3113 856 3166 quarn
876 3111 926 3149 nos
944 3095 1164 3160 existimavimus,

67 3163 162 3214 fecisse
181 3165 315 3232 apparuit.
345 3181 400 3216 non
418 3167 512 3238 itaque
529 3169 595 3219 satis
615 3185 629 3218 a
652 3165 689 3218 ud
707 3183 751 3218 me
773 3173 888 3231 constat,
907 3165 1037 3238 quidnam
1057 3166 1163 3236 prinei-

3 3283 4 3300 ,
65 3234 233 3303 palissimnm
258 3251 350 3286 eorum
375 3251 457 3308 snper
483 3237 618 3307 quibusu
656 3255 717 3289 sum
740 3246 880 3302 renerent,
898 3253 987 3288 coram
1008 3253 1040 3288 eo
1063 3251 1163 3305 expro-

3 3349 4 3356 ,
65 3320 140 3356 mers
160 3303 286 3368 debeant,
305 3307 327 3358 si
347 3305 437 3359 denuo
463 3305 628 3376 legationem
646 3309 832 3380 susceperint,
850 3309 904 3360 nisi
921 3305 1001 3370 iliud,
1018 3323 1078 3370 nos,
1098 3321 1161 3359 cum

3 3415 5 3442 γ
64 3390 122 3426 non
144 3385 292 3446 suppetant
315 3378 384 3429 vires
414 3377 448 3430 ed
472 3377 591 3442 bellum,
619 3380 692 3432 velle
718 3379 900 3449 legationibus
931 3393 986 3430 rem
1012 3391 1103 3448 gerere
1134 3385 1163 3430 et

65 3445 99 3496 ed
131 3445 204 3498 bunc
228 3447 338 3499 modum
367 3449 478 3501 iniurias
507 3451 665 3522 propulsans
700 3457 728 3503 et
754 3451 868 3503 crimina
898 3447 1061 3503 dissolvere:
1090 3445 1159 3500 sdso

64 3528 117 3569 nos
138 3530 195 3568 esse
235 3535 293 3570 rom
315 3527 356 3570 tos
384 3529 412 3574 et
436 3527 544 3592 paratos
571 3535 620 3592 pro
650 3521 736 3592 ipsius
762 3521 874 3574 arbitrio
901 3537 962 3572 cum
990 3519 1050 3590 ipso
1070 3533 1159 3588 agere.

64 3589 133 3640 bsec
158 3589 267 3660 quiem
295 3537 409 3644 ilonesta
439 3593 516 3645 ustio
545 3601 605 3658 est,
624 3591 678 3644 diei
707 3601 818 3664 posset,
843 3592 865 3643 si
886 3606 942 3644 noa
962 3597 1093 3658 occupato
1111 3589 1161 3642 Δι-

3 3701 4 3704 ,
63 3675 98 3727 go
125 3658 177 3711 iem
206 3675 240 3711 ex
265 3669 358 3731 aperto
391 3661 469 3716 nobis
494 3663 598 3715 bellurn
623 3665 779 3716 intentaret.
821 3664 925 3716 animos
955 3661 1079 3732 proiecto
1105 3677 1159 3713 no-

62 3739 133 3782 stros
152 3731 181 3782 iu
200 3729 272 3784 huno
287 3731 395 3784 modum
416 3741 560 3803 pertentat,
578 3733 707 3805 quamdiu
719 3733 828 3788 tandem
842 3735 894 3785 ista
909 3733 1015 3804 perpeti
1034 3731 1158 3784 velimus.

63 3803 87 3852 sl
107 3803 234 3870 patimur,
256 3804 335 3854 etiam
366 3803 399 3854 ad
427 3806 529 3874 reliqua
551 3804 719 3858 confidenter
738 3813 772 3866 ¹et
797 3803 926 3856 surdaster
944 3801 1081 3875 procedet.
1118 3803 1160 3855 sin

64 3872 243 3924 restiterimus
263 3873 388 3937 fortiter,
413 3875 520 3928 recedet
549 3893 603 3948 quo
626 3892 746 3946 pernes
773 3877 800 3927 ei
819 3877 940 3940 licuerit;
972 3882 1000 3926 et
1022 3876 1050 3926 in
1070 3875 1159 3936 trivio,

64 3943 140 4013 quod
158 3944 244 4007 siunt,
262 3947 426 3997 constitutus
453 3947 555 3999 bellum
585 3947 697 4018 posthac
721 3947 837 3998 omittet.
873 3947 894 3998 si
915 3962 991 3997 secus
1010 3943 1159 4007 fecerimus,

62 4028 160 4066 vereor
188 4029 272 4066 seram
300 4015 447 4086 aliquando
471 4019 668 4088 poenitentiam
697 4027 845 4070 uenturam.
892 4018 983 4068 ierunt
1007 4014 1160 4079 barbarum,

63 4083 112 4136 ubi
134 4085 247 4156 primum
272 4087 300 4138 iu
319 4089 534 4158 Peloponnesum
550 4089 727 4160 pervenisset,
751 4089 832 4140 etism
848 4087 986 4140 Euboeam
1008 4087 1160 4148 secessisse,

62 4156 182 4208 risurum
198 4157 290 4228 Euripi
312 4158 415 4211 urbem¹
452 4177 572 4230 egressus
590 4161 686 4212 iterum
704 4159 892 4230 Peloponneso
909 4157 1046 4230 profectus
1065 4165 1116 4220 est,
1129 4164 1160 4207 ut

63 4233 182 4280 tentaret
202 4230 364 4296 transitum,
384 4231 515 4302 venitque
534 4231 754 4302 inconspectum
774 4231 848 4283 urbis'
876 4245 910 4284 eo
931 4230 1032 4294 animo,
1050 4237 1082 4279 ut
1100 4240 1159 4278 eam
