2730 4630
221 302 294 372 206
371 359 378 370 .
460 309 626 376 LdONiCi
659 309 1043 378 CHALCOCONDYLAE

220 483 283 543 μην
300 459 434 524 ἀπέδοτο
457 467 524 535 τοῖς
548 461 721 542 Ου’τνετοῑς,
741 460 786 536 ὥς
805 461 862 544 τῆς
881 483 917 525 τε
937 459 1058 538 πόλεως
1077 459 1182 528 oristas
1202 464 1312 548 ἑπιτη.

221 556 313 634 δείους
332 559 465 643 ἐχοόσης
493 561 525 635 ἐς
551 557 698 645 φυλακην
725 561 844 644 αὐτῆς,
870 563 927 623 κατ’
952 563 1046 646 οφέσι
1074 560 1114 627 τό
1135 559 1311 645 πράγματα

187 654 362 742 Βπονὴρως
391 655 452 742 ἤδη
480 655 604 741 ἔχοντα.
660 657 716 724 καί
748 659 792 734 cic
825 660 969 724 ἐδέδοκτο
996 653 1056 745 ἤδη
1076 655 1189 737 adroic
1207 659 1311 750 ταύτῃ

217 761 312 843 σφίσι
330 779 365 822 τε
386 760 495 835 adroic
515 755 570 824 sai
589 759 626 846 τῇ
648 757 736 824 πόλει
758 753 887 842 ἄμεινον
912 755 1053 845 ἔσεσθαι,
1074 761 1209 826 ἐπέδοτο
1228 761 1312 825 saai-

217 881 274 942 την
292 866 358 931 τοῖς
380 859 543 935 Οόενετοῖς
568 857 607 922 οδ
637 863 756 922 πολλοῦ
786 857 880 935 τινός.
920 857 1116 942 Ἀνδρόνικος
1143 863 1252 940 μέντοι
1275 862 1337 936 ἐς5

219 957 461 1042 Πελοπόννησον
482 957 569 1040 παρὰ
592 955 649 1024 τόν
673 955 814 1044 ἀδελφόν
838 953 1030 1046 ἀφικόμενος
1050 956 1106 1044 την
1127 981 1162 1024 τι
1182 958 1310 1024 δίαιταν

218 1051 303 1138 εἶχεν
323 1061 358 1123 ἐν
380 1059 560 1147 Μαντινείᾳ
592 1060 649 1141 τῆς
670 1061 878 1142 Λακωνικῆς,
910 1060 943 1136 ἐς
964 1055 981 1124 ό
1003 1057 1042 1144 δη
1064 1060 1310 1143 ἐπικρατοῦντος

217 1159 274 1221 τοῦ
303 1155 482 1241 νοσήματος
502 1149 564 1243 ἤδη
595 1159 709 1231 τελέως
736 1155 927 1242 ἐτελεύτησε.
980 1157 1036 1223 τόν
1066 1162 1103 1223 δέ
1137 1157 1308 1242 Θεόδωρον

215 1253 327 1322 τούτου
356 1259 455 1322 παῖδα
477 1251 552 1323 όντα
581 1257 733 1340 βασιλεός
762 1257 993 1344 Ἑμμανουῆλος
1017 1257 1197 1344 ἐπεπόμφει
1217 1257 1305 1339 πυροὶ

217 1354 354 1442 οἷδελφόν
368 1356 469 1422 αὑτοῦ
491 1349 658 1438 Θεόδωρον
677 1353 731 1421 τόν
751 1360 1053 1443 πορφυρομέννητον,
1074 1359 1126 1444 ἐφ’
1149 1349 1176 1446 ᾧ
1197 1355 1350 1427 daddo-10

215 1453 272 1537 χόν
291 1478 325 1518 τε
342 1453 396 1520 τόν
415 1457 514 1520 παῖδα
548 1461 730 1521 καταλιπεῖν
757 1459 811 1520 ἐστ’
842 1459 881 1543 τῇ
902 1455 1144 1547 Πελοποννήσῳ.
1188 1456 1243 1521 καί
1262 1457 1306 1532 τός

216 1555 343 1630 ἐδέξατσ
373 1557 484 1620 τοῦτον
518 1547 661 1639 α’δελφοῦ
692 1577 725 1620 το
753 1557 853 1618 παῖδα
881 1557 936 1620 καί
962 1557 1164 1641 ἐπιτηδείου,
1184 1551 1253 1638 εἶχέ
1271 1580 1306 1620 τε

117 1661 290 1738 Ρ.11οπαρ’
313 1649 408 1744 αὑτῷ,
431 1657 485 1720 κατ’
504 1655 548 1730 oia
569 1655 724 1738 ἐτελεύτα,
743 1657 886 1718 κατέλιπε
907 1655 964 1738 την
986 1651 1091 1740 ἇρχὴν
1107 1657 1203 1744 adrui.
1246 1647 1307 1718 od.

215 1775 268 1828 τος
292 1755 327 1817 δέ
347 1753 397 1840 Χοός
425 1755 458 1829 ἐς
479 1753 537 1838 τήν
557 1754 725 1838 ἡγεμονίαν
745 1755 898 1838 κατέστη,
922 1751 1017 1840 ἐγημέ
1035 1778 1069 1820 τε
1088 1765 1221 1837 γυναῖκα
1242 1752 1307 1819 α’πό

210 1853 353 1937 Ἰταλίας,
376 1858 539 1938 θυγατέρα
561 1856 756 1920 Μαλατέστα
786 1855 842 1918 τοῦ
863 1853 1003 1938 Μόρκης
1022 1849 1180 1941 η’μεμόνος,
1204 1857 1249 1942 τῷ
1269 1877 1307 1919 τε
1318 1871 1348 1923 15

213 1955 320 2017 κάλλει
342 1953 579 2038 διαπρέπουοαν
599 1952 655 2018 καὶ
672 1953 713 2041 τῇ
731 1945 809 2038 ἄλλη
833 1953 1022 2038 κοσμιότητι.
1064 1949 1198 2037 ὕστερον
1224 1957 1305 2036 μὲν.

213 2077 270 2134 τοι,
290 2049 332 2128 ὥς
350 2057 383 2129 ἐς
406 2053 502 2134 μῖσός
522 2075 556 2118 τε
577 2051 710 2138 α’φέκετο
731 2055 770 2140 τῇ
793 2056 919 2136 μοναικί
939 2057 993 2118 καί
1014 2057 1047 2130 ἐς
1066 2051 1162 2135 ἔχθος
1183 2051 1306 2140 ἐφικό.

214 2175 308 2233 μενος
329 2155 362 2229 ἐς
396 2150 557 2240 διαφορὰν
577 2156 720 2236 κατέστη,
740 2155 773 2228 ἐς
798 2150 856 2235 τήν
877 2154 1072 2238 Ναζηραίων
1092 2151 1216 2218 δίαιταν
1237 2147 1306 2238 τόρ-

213 2275 296 2335 μητο
315 2254 476 2335 γενέσθαι,
497 2249 626 2315 καὶτὸν
647 2250 788 2337 ιῖδελφόν
810 2249 910 2316 odacri
930 2256 1151 2334 μεταπέμπετο
1171 2250 1225 2316 ἐπὶ
1245 2251 1305 2335 την

215 2348 328 2435 α’ρχὴν,
349 2351 394 2427 σός
416 2351 488 2416 ἐπεί
505 2346 535 2414 σῖ
555 2351 658 2415 ἐδόκει
678 2351 761 2414 ἰέναι
776 2353 809 2426 ἐς
832 2348 867 2414 τό
891 2353 1085 2434 Ναζηραίων
1105 2353 1226 2437 σχῆμα,
1246 2350 1348 2434 ariasto

215 2473 249 2514 τε
271 2448 372 2535 ἀρχὴν
394 2451 571 2534 ἐπιτρέψων
587 2450 675 2538 crispi
691 2454 746 2515 καί
763 2447 822 2534 τήν
844 2449 965 2516 οὐσίαν.
1008 2443 1099 2527 οὗτος
1117 2439 1224 2531 μέντόι
1245 2452 1306 2515 osia

216 2552 261 2623 εἰς
281 2548 409 2630 μακρόν
433 2542 529 2627 αὖθις
561 2551 768 2632 μετέβαλλεν,
800 2553 1061 2632 α’ποτρεπομένων
1081 2553 1143 2616 τεόν
1166 2551 1307 2634 α’ρέστωυ

216 2645 315 2714 ου’τοῦ
344 2642 405 2713 dud
437 2649 548 2713 τούτου
584 2651 638 2713 κατ’
675 2649 732 2712 caia
754 2648 980 2734 ἐπιτρεπόντων
1009 2650 1091 2714 ι’ἐναι
1113 2650 1200 2738 ου’τρῖ
1218 2647 1308 2726 aad

216 2745 353 2831 ὥρμητο.
396 2751 441 2834 τῷ
459 2751 519 2828 μὲν
541 2741 819 2835 οὖνπρεσβυτέρῳ
841 2746 994 2838 Θεοδώρῳ
1013 2751 1058 2837 τῷ
1078 2753 1214 2838 πατρωῷ
1232 2758 1310 2826 παῖς

188 2843 274 2918 noda
295 2849 413 2932 ἐγένετο
434 2844 495 2911 dud
518 2851 574 2932 τῆς
592 2848 768 2931 Ῥαινερίου
795 2846 971 2933 θυγατρός,
994 2851 1086 2914 νόθοι
1105 2853 1141 2914 δὲ
1153 2853 1348 2934 &ydrontum

99 3133 102 3141 *
218 3114 281 3166 tatia
300 3111 444 3164 admodum
470 3114 585 3177 accisas,
606 3111 716 3164 Venetis
736 3111 868 3165 vendidit.
913 3129 973 3166 cum
991 3114 1072 3182 igitur
1093 3113 1228 3168 iudicaret
1248 3133 1308 3168 eam

217 3183 402 3236 venditionem
426 3192 482 3235 tum
511 3185 562 3236 sibi
580 3192 637 3236 tum
664 3183 725 3234 urbi
743 3183 886 3252 expedire,
903 3199 984 3253 parvo
1005 3185 1093 3254 pretio
1114 3195 1227 3256 accepto
1247 3205 1307 3239 earn

217 3254 330 3308 Venetis
347 3253 467 3306 tradidit.
503 3253 672 3308 Andronicus
689 3261 778 3306 autem
797 3256 934 3324 proiectus
952 3247 986 3306 ad
1005 3258 1115 3308 fratrem
1129 3259 1306 3328 inPciopon·

217 3341 327 3388 nesam,
351 3325 451 3377 victum
470 3325 499 3376 in
518 3327 657 3378 Mantinea
684 3325 816 3377 Laconica
844 3325 948 3378 habuit.
985 3327 1093 3378 morbus
1113 3345 1173 3378 cum
1199 3329 1229 3380 in
1248 3329 1306 3381 dies

217 3397 400 3460 invalesceret,
420 3393 528 3448 tandem
545 3401 600 3448 vita
621 3397 728 3448 functus
749 3406 798 3449 est.
818 3395 998 3459 Theodorum,
1019 3399 1065 3468 qui
1088 3397 1212 3451 defuncti
1233 3400 1307 3452 filins

219 3478 297 3530 erat,
321 3467 392 3520 misit
418 3465 453 3519 ad
477 3466 586 3519 fratrem
603 3467 777 3520 Theodorum
796 3465 1069 3538 porphyrogenitum,
1097 3477 1127 3521 ut
1144 3485 1208 3534 eum
1225 3471 1308 3523 Peio-

218 3539 332 3610 ponnesi
349 3547 527 3591 successorem
546 3539 720 3608 relinqueret.
758 3553 839 3608 quem
857 3541 984 3608 suscepit,
1003 3549 1031 3591 et
1049 3551 1079 3590 ut
1098 3541 1187 3592 fratria
1208 3549 1237 3594 at
1255 3559 1309 3594 ns-

218 3611 326 3662 ceaaarii
343 3609 427 3662 filium
448 3609 519 3680 apud
539 3625 568 3660 se
586 3609 711 3662 detinuit.
755 3625 809 3680 quo
824 3617 942 3673 mortuo,
960 3611 1185 3682 quemadmodum
1203 3629 1312 3665 conee-

218 3690 304 3744 nerat‚
324 3681 449 3734 successit
465 3683 492 3731 in
509 3681 687 3750 Peloponnesi
706 3677 972 3733 administrationem.
992 3680 1036 3733 hic
1056 3681 1102 3733 ubi
1123 3683 1238 3752 imperio
1257 3701 1310 3754 po-

219 3753 285 3804 titus
307 3759 355 3814 est,
375 3768 485 3803 uxorem
503 3751 607 3820 accepit
625 3769 657 3803 ex
675 3753 762 3814 Italia,
785 3752 867 3803 filiam
886 3753 1045 3806 Malatestae
1064 3753 1140 3806 ducis
1161 3755 1311 3818 Moechiae,

218 3839 289 3892 quae
302 3824 403 3875 formae
413 3830 553 3876 venustate
566 3831 594 3874 et
611 3823 723 3894 reliquis
742 3823 882 3875 mulierum
901 3821 1009 3875 dotibus
1022 3823 1167 3876 admodum
1185 3835 1310 3894 praesta-

217 3891 273 3944 bat.
294 3901 387 3963 postea
406 3911 465 3944 cum
485 3893 583 3956 odium,
602 3893 701 3946 dehinc
717 3893 866 3946 discordiae
877 3894 906 3946 id
921 3895 1120 3947 matrimonium
1138 3897 1311 3960 invasissent,

218 3961 293 4024 odio,
312 3980 365 4032 quo
384 3981 492 4015 uxorem
503 3965 724 4034 prosequebatur,
734 3973 871 4034 promotus
886 3965 920 4039 ad
932 3965 1126 4018 Nazaraeorum
1140 3966 1247 4018 schema
1257 3971 1312 4020 uri-

219 4051 294 4102 graro
312 4035 413 4084 statarit.
450 4053 510 4086 cum
529 4045 618 4088 autem
640 4037 691 4086 iam
711 4037 801 4087 animo
820 4038 902 4088 fixum
922 4045 994 4088 essct
1012 4039 1206 4090 Nazaraeornm
1223 4042 1311 4090 susci·

220 4121 284 4174 pere
314 4103 452 4169 habitum,
477 4107 616 4159 accersivit
643 4107 767 4170 fratrem,
792 4115 823 4158 ut
850 4108 875 4157 ei
896 4123 1005 4175 regnum
1024 4107 1157 4161 tribueret
1175 4126 1311 4180 opesque.

217 4192 308 4228 serum
326 4171 400 4227 haud
417 4179 503 4230 multo
521 4187 584 4248 post
603 4179 770 4232 voluntatem
790 4179 910 4244 mutavit,
927 4195 987 4244 cum
1008 4193 1069 4232 eum
1087 4181 1183 4251 optimi
1202 4181 1310 4253 quique
