2730 4630
338 329 393 394 nn
425 331 553 396 nunus
581 331 768 400 auncinis
797 337 833 400 n.
855 339 893 398 ν.
1095 321 1166 400 ets

78 476 285 557 παρελθοῦσα
306 481 340 552 ic
361 476 414 544 τόν
431 476 597 562 Ῥωμοόων
626 481 779 566 ἀρχιερέα
808 481 985 565 ἐλάμβανεν
1006 484 1198 570 ἀρχιερέως

79 575 117 638 όν
139 569 179 638 ἀν
207 577 397 658 ἀποπέμψειε
427 585 513 664 σφεῖς
539 583 597 645 τοῦ
627 582 845 666 ἐπιτροπεύειν
872 581 927 667 την
953 583 1063 650 πόλιν·
1116 586 1172 650 sus*

79 675 152 740 τότε
173 672 212 758 δη
234 677 467 746 Μαλατεστόων
488 683 544 746 τοῦ
569 677 657 744 οἴνου
688 678 865 768 ἐπεπόμφει
884 691 949 758 τοῖς
971 685 1004 748 ἐν
1023 684 1062 770 τῇ
1082 684 1169 748 πόλει

81 778 246 858 ἀρχιερέα,
271 777 396 872 1ταύτην
416 783 476 858 μὲν
499 774 557 844 οάν
575 779 633 864 τήν
652 780 744 846 πόλιν
766 781 841 868 ἕπετ’
851 805 883 848 τε
904 786 1064 866 παρέλαβε
1081 787 1173 848 Κων-

52 884 255 954 5σταντΐνος,
274 875 367 958 τηντε
388 877 561 962 ἀκρόπολιν
581 880 757 964 ἐπολιόρκει
778 879 826 951 ἐπ’
845 879 1007 948 ἐνιαυτόν·
1035 883 1114 963 μετό
1137 884 1173 948 rii

78 977 182 1038 ταῦτα
212 974 454 1061 προσεχώρησεν
481 979 578 1064 αάτῷ.
628 979 685 1063 τὴν
708 984 814 1062 μέντοι
829 977 960 1059 Ἤλιδος
984 985 1173 1068 μητρόπολιν

77 1066 164 1138 εἷλον
193 1073 229 1138 ui
257 1077 314 1138 τοῦ
346 1076 521 1160 ἀρχιερέως
550 1075 697 1162 τριήρεις.
749 1077 852 1146 ἐπείτε
872 1078 931 1164 χάρ
962 1079 1173 1164 inuitauerit

77 1171 176 1242 πόλιν,
188 1177 246 1257 τῆς
263 1175 396 1256 Ἀχαΐας
414 1171 534 1242 ἀλαῖναι
555 1175 616 1242 ἀπὸ
633 1177 795 1262 Ἑλλήνων,
816 1177 941 1262 ἔπεμψε
961 1179 1101 1266 τριήρεις
1120 1185 1170 1246 δέ·

76 1296 136 1354 κα,
157 1267 188 1336 εἰ
209 1271 354 1337 δόνοιντσ
378 1271 435 1358 τὴν
454 1275 548 1341 πόλιν
569 1278 656 1364 assistis¹
675 1277 951 1364 παραστήσασθαι.
994 1271 1092 1345 οὗτοι
1112 1283 1171 1362 μὲν

31 1366 142 1436 tonsis
170 1373 224 1436 ἀπό
249 1373 386 1456 Ἀχαΐαν
414 1371 518 1440 matrs
541 1376 709 1462 ἀφίκοντο,
739 1378 793 1442 ἐπὶ
823 1381 858 1444 ot
886 1378 945 1460 την
974 1379 1172 1462 Κλαρεντόαν

75 1471 274 1557 ἀφικόμεναι
306 1473 441 1552 ἀπόντος
472 1475 556 1562 crispi
582 1478 641 1540 τοά
669 1470 839 1561 όρχοντος,
861 1481 915 1542 sui
945 1481 1283 1564 ppovprieou'xv,102=

75 1569 212 1656 ἐνοόσης
232 1574 266 1636 ἐν
286 1577 323 1660 τῇ
344 1573 451 1656 πόλει,
473 1574 667 1652 εἰσελθόντες
695 1576 800 1660 λάθρο
822 1577 880 1662 την
903 1577 995 1642 πόλιν
1017 1581 1203 1660 κατέσχονῠ

74 1675 136 1736 καί
169 1674 454 1756 ἠνδραποδίσαντο.
508 1671 641 1760 ἀστερον
674 1677 710 1742 tt
738 1674 958 1759 ἀποδιδόμενοι
989 1675 1109 1762 ταότην
1128 1678 1171 1764 τῷ

74 1775 234 1852 βασιλέως
262 1773 391 1862 ἀδελφῷ
420 1777 681 1856 πεντακισχιλίων
703 1773 865 1859 χρασόνων
897 1777 1098 1840 ἀπέπλευσαν
1118 1775 1174 1840 ε’πό

28 1871 218 1946 15Ἰταλόας.
237 1875 412 1956 ξυνέβησαν
434 1875 469 1938 δὲ
491 1877 530 1960 τῇ
551 1873 638 1936 πόλει
660 1870 760 1959 ταότη
781 1877 836 1936 καί
855 1873 953 1956 τάχαι
974 1868 1069 1938 ἄλλοι
1090 1872 1170 1957 πρό.

73 1993 165 2052 τερον
188 1970 364 2052 γενόμεναι.
403 1972 576 2055 Ὀλιβὲρισς
596 1970 658 2056 μάρ
680 1971 719 2056 δη“
736 1971 799 2036 ἀπό
819 1971 955 2048 Ἰταλίας
976 1957 1169 2057 ὁρμώμενος,

73 2068 206 2151 ἔχοντος
233 2071 348 2156 ταύτην
378 2074 438 2136 sesi
473 2076 530 2156 τῆς
556 2073 687 2154 Ἀχαΐας
720 2071 887 2160 ἡγεμόνος,
915 2074 1107 2138 ἕπεισελθιόν
1135 2097 1170 2140 τε

73 2161 171 2254 ἀφνω
192 2173 249 2234 sas*
268 2169 454 2255 καταλαβών
479 2172 537 2254 τόν
556 2169 648 2236 πόλιν
670 2173 934 2255 ἠνδραποδίσατο,
954 2177 1009 2238 καί
1033 2172 1089 2258 τόν
1110 2177 1169 2237 ev-

25 2379 120 2434 λθεοι
143 2361 235 2445 οὗτος
254 2369 447 2452 ἀποδόμενος
467 2375 509 2458 τῷ
528 2375 583 2455 τῆς
601 2372 752 2453 Ἠπείρου
766 2372 893 2458 ἡγεμόνι
917 2367 1017 2460 ᾤχετο
1039 2372 1070 2447 ἀς
1090 2375 1169 2438 ’lsa-

71 2474 158 2533 λεἀν.
201 2469 423 2552 sciscitante
443 2471 482 2555 riq*
504 2471 644 2538 ἀλοῦσαν
669 2470 732 2536 ἀπό
754 2475 816 2536 τεόν
836 2474 1010 2554 ἀρχιερέως
1030 2476 1167 2556 τριηρῶν
1239 2489 1241 2496 ’

74 2561 177 2644 uitae
206 2566 438 2654 ἐξωνησάμενος
467 2571 618 2653 ἀπέλαβε.
670 2572 818 2658 διέφερον
843 2575 904 2668 μὲν
932 2563 989 2637 σόν
1015 2570 1167 2655 καὶπρὸς

150 2745 178 2798 3.
195 2747 402 2815 statuerentur
417 2745 438 2801 Ρ
472 2705 478 2720 Ι

70 2921 191 2968 seretur.
227 2915 290 2967 urbs
311 2917 363 2970 ista
380 2917 427 2969 ubi
447 2925 615 2970 concesserat
631 2917 661 2968 in
678 2918 721 2968 ius
740 2922 769 2968 et
777 2923 939 2986 potestatem
959 2917 1070 2970 Rotnani
1091 2933 1162 2988 pon·

71 2988 164 3048 silicis,
184 2989 288 3058 accepit
304 2989 469 3058 epsiscopunn
486 3005 565 3060 quem
583 2989 699 3040 misisset
717 2989 850 3057 pontifex,
869 2997 899 3040 ut
921 2987 1013 3040 urbem
1032 3007 1090 3040 eam
1111 3007 1162 3056 gu-

65 3055 210 3110 bernaret
248 3075 281 3110 eo
302 3067 423 3127 tempore
445 3061 598 3128 episcopus,
618 3060 665 3130 qui
684 3059 891 3128 rempublicam
911 3061 968 3110 eitra
987 3059 1060 3112 urbis
1081 3075 1160 3112 cura·

70 3130 129 3191 bat,
151 3129 245 3180 missus
263 3145 278 3179 a
301 3131 418 3182 Romano
440 3131 578 3200 pontifice,
597 3137 676 3181 natus
695 3138 750 3182 erat
771 3146 805 3180 ex
826 3130 928 3180 familia
947 3131 1158 3182 Malatestarum.

69 3199 143 3251 hanc
162 3199 256 3252 urbem
268 3199 320 3250 nbi
341 3201 459 3252 dominio
478 3219 526 3252 suo
545 3202 634 3252 iunxit
646 3201 848 3262 Constantinus,
867 3200 948 3260 etiam
967 3217 1052 3252 arcem
1072 3219 1159 3271 expu-

69 3286 156 3338 gnare
175 3286 312 3340 aggressus
336 3281 392 3338 est„
410 3273 453 3322 cui
472 3271 666 3342 expugnationi
684 3272 816 3338 integrum
841 3287 939 3322 annum
959 3271 1113 3340 insumpsit,
1131 3281 1159 3324 et
1206 3287 1208 3296 ·

69 3339 183 3392 tandem
202 3343 258 3392 soti
273 3357 381 3410 compos
405 3343 491 3394 lactus
508 3352 555 3396 est.
593 3341 680 3394 Elidis
697 3340 867 3410 metropolim
896 3341 1027 3410 subegere
1047 3344 1158 3396 llomaui

68 3411 209 3482 pontilicis
227 3412 357 3464 triremes.
393 3421 535 3483 postquam
552 3413 623 3464 enim
644 3413 712 3462 sama
726 3411 837 3463 allatum
855 3421 912 3464 erat
932 3411 1045 3464 Achaiae
1063 3413 1156 3464 urbem

66 3501 83 3534 a
105 3483 216 3552 Graecis
233 3499 292 3534 esse
312 3493 479 3554 occupatam,
500 3485 571 3536 misit
588 3483 714 3554 pontifex
732 3483 853 3536 triremes
871 3482 973 3545 decem,
990 3483 1088 3551 quibus
1106 3501 1157 3534 ass·

68 3553 222 3616 nitebatur,
241 3555 264 3604 si
291 3567 384 3623 posset
400 3557 522 3606 emissam
541 3569 701 3624 recuperare
719 3552 822 3604 urbem.
866 3551 933 3604 haec
953 3553 1062 3622 quidem
1082 3551 1156 3604 barsel

66 3641 170 3678 versere
189 3624 218 3676 in
238 3625 371 3680 Achaiam.
406 3627 545 3678 venientes
564 3633 654 3677 sutem
683 3625 845 3676 Clarentism
866 3625 978 3674 absente
996 3623 1067 3676 urbis
1087 3621 1156 3676 duce

66 3711 121 3748 nee
140 3694 279 3766 praesidio
298 3697 326 3748 in
342 3715 375 3748 ea
396 3699 536 3760 existente,
562 3695 632 3748 clam
652 3697 764 3763 ingressi
782 3696 881 3746 milites
901 3693 994 3746 urbem
1012 3709 1107 3764 cepere
1126 3701 1155 3748 et

66 3768 252 3838 diripuerunt.
289 3767 388 3822 deinde
407 3785 465 3820 eam
485 3765 633 3820 vendentes
653 3767 722 3834 regis
752 3767 828 3818 fratri
845 3765 990 3834 quinquies
1009 3767 1085 3816 mille
1107 3783 1155 3816 su-

65 3839 131 3900 reis,
148 3839 177 3890 in
199 3837 304 3890 ltaliam
324 3839 491 3908 nssigsrunt.
531 3839 601 3889 aliae
621 3853 732 3908 quoque
758 3836 883 3887 fortunae
909 3835 1075 3888 miserabiles
1093 3837 1154 3890 urbi

63 3911 113 3960 isti
133 3908 300 3960 acciderunt.
338 3910 476 3962 Oliberius
494 3911 566 3960 enirn
587 3907 622 3959 ab
640 3907 718 3958 ltalia
731 3923 894 3976 progressus,
911 3913 1023 3960 tenente
1043 3907 1155 3960 Claren-

63 3983 131 4032 tiam
150 3979 267 4030 Achaiae
286 3980 417 4050 principe,
434 3982 577 4051 inopinato
594 3977 740 4030 arisenieus
760 3995 817 4030 eam
836 3979 970 4046 oppressit
988 3986 1015 4030 et
1032 3977 1154 4050 diripuit,

63 4051 150 4102 ducta
170 4051 198 4100 in
216 4067 326 4102 ssxosem
353 4051 482 4122 principis
507 4051 573 4101 filia.
616 4047 724 4102 tandem
744 4049 831 4118 pretio
858 4057 979 4118 accepto,
998 4049 1070 4120 Epiri
1092 4052 1153 4102 ''uel

62 4137 125 4173 eam
150 4119 288 4184 vendens,
308 4122 337 4174 in
361 4123 465 4174 ltaliam
484 4137 603 4174 reversus
632 4128 682 4172 est.
729 4121 829 4172 etenim
857 4128 962 4190 captam
983 4139 998 4172 a
1018 4123 1153 4190 pontilicis

60 4191 224 4245 triremibus
243 4191 333 4244 denuo
353 4201 469 4264 emptam
487 4193 598 4263 recepit.
618 4191 715 4244 Graeci
735 4189 817 4260 longo
834 4198 955 4262 tempore
971 4191 1073 4244 bellum
1092 4209 1152 4262 ges-

119 4301 370 4372 Cissicocursdylus.
930 4301 963 4354 16
