2610 4618
280 318 335 381 DE
361 315 494 380 REBUS
527 314 717 382 wucrcrs
746 316 782 376 L.
803 316 855 378 iX.
1039 309 1107 376 501

21 467 95 552 χήν,
114 465 167 532 καί
184 466 229 548 μή
253 465 469 546 μεταστάντων
491 457 586 540 αύθις
600 469 662 530 τῶν
674 466 728 548 τῆς
737 465 858 538 Δυκίας
879 463 1005 548 ἀνδρῶν
1025 475 1142 548 nuos-C

20 565 169 632 τενόντων
188 563 358 649 πράγματα
385 563 473 650 ἔχοι,
500 567 699 648 ἐπαγομένων
733 558 838 630 αύτῶν
869 564 943 640 τούς
966 563 1114 639 Παίονας

20 671 211 748 συμμάχους
230 689 265 732 τε
289 668 344 730 καί
362 665 561 748 ἐπικούρους.

110 769 215 832 Ταῦτα
234 767 343 846 μέντοι
367 762 450 832 odrae
471 763 695 849 διεπράττετο·
745 759 813 828 rdrs
833 763 872 848 δη
894 757 952 828 σύν
972 769 1029 828 τοῦ
1049 788 1117 847 χει-

4 869 135 950 ιμῶνος,
154 866 199 942 ῶς
220 865 382 949 ἠγγέλλετο
404 869 535 947 βασιλεῖ
551 867 662 932 τοῦτον
687 863 872 948 νεωτερίσαι
895 865 1119 945 διανοούμενον

19 964 196 1030 ἀπόστασιν
217 963 441 1048 βουλεύεσθαι,
463 964 517 1030 ε’πί
529 968 674 1039 Παίονας
692 961 888 1048 τραπόμενον
909 961 1120 1028 συντίθεσθαι

19 1065 151 1139 ἐκείνοις
176 1069 233 1130 καί
260 1067 451 1148 συμμαχίαν
482 1069 669 1144 ποιεῖσθαι,
699 1060 802 1128 δεινόν
822 1085 858 1126 τε
885 1065 1041 1143 ἐποιεῖτο,
1065 1065 1121 1126 καί

18 1170 154 1246 πέμπων
173 1159 275 1250 όνδρα
302 1164 472 1246 εὐδόκιμον
501 1166 563 1230 τῶν
595 1167 706 1246 θυρῶν
735 1163 858 1244 adseri,
880 1160 1120 1246 γραμματιοτην

9 1260 157 1348 Ἕλληνα,
178 1267 394 1345 μετεπέμπετο
421 1266 455 1340 ἐς
480 1265 536 1339 τός
557 1263 680 1348 θύρας,
709 1261 752 1339 ῶς
779 1255 819 1346 ἢν
842 1262 999 1349 α’φίκηταί
1016 1259 1048 1326 οἱ
1065 1263 1119 1328 tm·

2 1367 80 1440 ιτᾶς
100 1363 224 1448 θύρας,
252 1356 354 1446 όχαρι
373 1364 433 1446 μὲν
454 1362 547 1428 nuidis·
577 1363 657 1446 πρός
679 1367 814 1448 βασιλέα
835 1365 985 1446 natuerat,
1006 1357 1113 1444 ἆγαθό

17 1465 57 1526 δὲ
78 1463 134 1526 καί
153 1453 282 1528 εόνοιαν
301 1461 521 1543 ἀνακτώμενος
537 1465 598 1544 ούχ
612 1458 840 1546 ύπτρβαλτῖται
852 1457 950 1524 αύτόν
970 1463 1149 1542 βασιλέα,ὓ

16 1555 139 1642 εύνοῶν
158 1561 192 1638 ἐς
215 1557 254 1626 τό
275 1563 333 1627 τού
351 1565 511 1641 βασιλέως
529 1559 709 1647 πράγματα.
758 1561 939 1641 ταῦταμὲν
960 1561 1118 1634 intrariae

16 1657 159 1740 ἔπεμπεν
178 1659 222 1738 ῶς
240 1659 352 1726 τοῦτον
376 1657 802 1746 Καταβολινόν-γραμματέα
820 1661 882 1725 τῶν
901 1661 1022 1746 θυρῶν.
1047 1661 1119 1725 Χα-

16 1763 127 1847 μουζᾷ
146 1762 182 1824 δὲ
203 1763 248 1846 sui
267 1757 467 1848 ἱερακοφόρῳ
487 1763 655 1848 λεγομένῳ,
677 1757 713 1836 ὃς
733 1757 821 1844 παρὰ
844 1756 901 1824 τόν
913 1753 1034 1842 Ἴστρον
1051 1759 1118 1822 διί-

15 1867 100 1942 λαχι
121 1863 253 1926 διοικεῖν
284 1856 395 1942 χῶραν
416 1857 474 1924 ούιι
495 1857 603 1950 σ’λίγην
625 1863 680 1925 καί
702 1857 833 1946 Βιδίνης
853 1853 1000 1942 ύπαρχον
1020 1851 1117 1944 εἶναι,
1218 1917 1226 1926 .

12 1957 129 2044 κρύφα
149 1961 273 2024 ἐκέλευε
304 1963 455 2044 πέμπων,
477 1959 560 2049 δύλιρ
584 1963 615 2026 εί
643 1960 813 2046 δονήσεται
841 1953 970 2046 όγαγεῖν
989 1959 1042 2025 τόν
1062 1953 1118 2024 όν-

13 2063 92 2142 δρα,
112 2061 201 2148 αύτρῖ
219 2065 407 2144 χαριεῖσθαι
437 2059 600 2148 μεγάλως,
621 2059 684 2128 si'ra
713 2061 796 2150 δόλῳ
818 2060 882 2128 si'ra
902 2058 1007 2149 τρόπίρ
1030 2053 1117 2150 όλλιρ

13 2165 76 2249 οΐιρ
108 2162 277 2242 δυνήσεται
307 2163 488 2242 συλλαβεῖν.
539 2151 633 2237 οὗτος
660 2165 719 2244 μὲν
747 2153 805 2226 σύν
839 2164 1052 2248 παραγγειλας
1072 2167 1115 2252 τῷ

9 2263 241 2348 γραμματιστῇ
262 2263 294 2336 ἐς
315 2257 373 2344 τὴν
393 2263 553 2344 σύλληψιν
583 2265 642 2325 τού
661 2257 776 2342 δνδρός
797 2255 877 2326 ἅττα
899 2260 1003 2326 ἐδόκει
1023 2264 1117 2347 σφίσι

8 2363 261 2444 βουλέυομίνοις
297 2358 480 2445 πρόσφορον
514 2353 613 2444 εἶναι,
635 2349 915 2444 συμπροπέμποντι
943 2357 1044 2424 αύτόν
1075 2361 1117 2446 τῷ

9 2458 135 2548 Badrin
170 2457 315 2526 ύπείσειν
340 2460 471 2544 ἐνέδρας
502 2456 748 2544 προλοχὴσαντα
783 2461 887 2524 edred
911 2457 1032 2544 ταύτην
1060 2459 1117 2542 την

7 2559 137 2645 χῶραν,
160 2553 241 2626 oiim
261 2547 423 2625 ποιεῖσθαι
436 2559 495 2642 την
508 2557 675 2644 σύλληψιν,
695 2557 908 2644 σημαίνεσθαι
927 2561 964 2626 di
976 2555 1015 2646 ui,
1036 2555 1210 2626 dudam&

87 2742 131 2796 21.
148 2741 280 2803 δπολσιιν
296 2743 315 2800 P

11 2895 158 2968 quomodo
185 2897 219 2948 sb
247 2913 307 2966 rege
336 2895 505 2952 descisceret.
560 2899 696 2952 sententia
724 2905 816 2952 autern
843 2898 974 2952 Dacorum
1000 2899 1114 2968 graviter

11 2967 133 3022 Diadum
154 2967 277 3036 angebat.
314 2969 429 3024 timebat
445 2971 528 3036 eninr,
547 2971 569 3025 si
584 2971 643 3056 ipse
663 2969 823 3024 confirmato
838 2985 910 3022 nuuc
922 2969 1021 3022 Daciae
1037 2971 1112 3041 prin-

11 3041 112 3108 cipatu
132 3039 198 3108 quid
215 3047 308 3091 contra
328 3055 416 3108 regern
434 3041 546 3092 inolitus
564 3041 679 3104 inisset,
699 3057 735 3093 aa
752 3043 862 3118 negotia
878 3041 931 3094 sibi
949 3041 1114 3094 iace’saerent

13 3111 99 3174 Daci,
121 3109 287 3162 adducentes
303 3111 444 3164 Pannonas
463 3113 550 3164 socios
569 3119 598 3166 et
616 3111 771 3164 auxiliares.

90 3197 163 3248 Haec
180 3196 290 3268 quidem
316 3199 343 3250 in
372 3197 444 3250 hunc
472 3199 579 3251 modum
602 3207 661 3252 aeta
687 3207 760 3252 sunt.
796 3215 827 3253 ea
853 3205 943 3252 autern
973 3199 1062 3250 hierna
1081 3208 1113 3250 ut

13 3268 178 3320 nuntiatum
200 3277 241 3320 est
260 3270 314 3338 regi
334 3268 448 3322 Bladusn
464 3287 592 3324 novarum
619 3287 707 3324 rerum
727 3287 785 3324 esse
803 3269 940 3340 cupidum,
958 3277 986 3322 et
1003 3267 1110 3320 dulibe-
1188 3275 1194 3284 '

13 3355 81 3390 rare
101 3356 153 3409 qua
174 3341 313 3392 rationes
340 3359 369 3392 se
387 3339 528 3406 deficeret,
545 3349 574 3394 et
601 3357 758 3394 conversum
787 3341 822 3393 ad
840 3341 982 3394 Pannones
1000 3355 1059 3390 auru
1079 3340 1111 3390 iis

14 3409 134 3462 suadere
153 3411 313 3480 interpositu
331 3413 488 3464 societatem
508 3413 630 3476 coivisse,
642 3411 719 3476 haec,
738 3412 858 3484 iuquam,
878 3411 1015 3482 accipiens
1031 3407 1111 3462 raide

11 3481 80 3532 viro
106 3479 262 3546 indignatus
284 3489 334 3534 est.
379 3485 453 3534 rnisit
478 3483 570 3554 itaque
595 3483 679 3534 rirurn
698 3483 763 3536 satis
789 3490 950 3554 spectatum,
969 3481 1110 3532 ianuarum

10 3551 144 3614 scribam,
162 3553 248 3604 sirum
266 3553 406 3616 Graecum,
425 3551 457 3604 ad
479 3553 599 3616 Bludurn,
618 3555 664 3626 qui
682 3553 755 3606 hunc
772 3563 898 3606 snoneret
915 3561 947 3604 ut
964 3550 999 3602 ad
1016 3551 1111 3604 ianuas

10 3621 172 3674 accederet.
209 3623 308 3692 quodsi
326 3627 440 3686 reuirat,
460 3625 517 3676 fure
537 3634 567 3676 ut
583 3625 723 3676 maximum
744 3627 853 3694 gratiam
875 3623 958 3674 iniret
976 3621 1049 3692 apud
1068 3624 1111 3672 re'-

11 3711 90 3763 geru,
109 3703 247 3764 praeterea
264 3695 336 3746 bonu
358 3697 471 3766 piurima
491 3696 581 3748 sarens
602 3712 739 3765 nunquam
759 3694 899 3747 beneficiis
920 3709 1008 3762 regern
1029 3709 1111 3762 supe-

12 3783 80 3817 rare
100 3775 201 3833 posset,
219 3767 242 3818 si
264 3766 344 3818 rebus
371 3768 439 3835 regis
460 3766 549 3819 farere
576 3775 707 3837 pergeret.
743 3783 802 3817 cunr
823 3763 978 3816 huiuamodi
997 3761 1108 3816 mauda-

12 3839 56 3888 tis
78 3835 270 3888 Cataboiinuru
289 3837 400 3889 scribam
419 3839 558 3890 ianuarum
576 3837 611 3890 ad
634 3839 744 3888 diadum
762 3835 895 3907 proficisci
914 3835 1000 3886 iubet.
1037 3834 1111 3888 caa-

10 3923 115 3960 muzae
134 3924 216 3970 reru,
234 3925 314 3980 quaein
337 3907 566 3978 Hieracophururu
592 3909 778 3972 nominabant,
796 3908 843 3978 qui
862 3905 933 3976 apud
953 3908 1050 3958 istrum
1066 3907 1110 3958 la·

10 3979 84 4038 tuit,
103 3987 134 4028 ut
151 3977 352 4032 administraret
373 3997 420 4032 suo
441 3982 554 4049 imperio
577 3981 712 4050 regionem
731 3995 786 4032 uon
805 3977 936 4030 modicam
955 3985 983 4030 et
1000 3977 1110 4029 Bidinus

9 4057 170 4120 praeesset,
192 4053 331 4123 praecepit
350 4063 381 4104 ut
399 4052 477 4112 clam,
498 4051 519 4102 si
538 4049 602 4104 dulo
622 4060 726 4120 posset.
748 4047 858 4102 Bladura
878 4049 912 4100 ad
930 4065 959 4101 ss
977 4047 1110 4118 perduce-

11 4128 72 4171 ret.
112 4119 229 4174 addebat
256 4141 285 4174 se
313 4125 338 4174 ei
359 4123 568 4193 gratificaturum
593 4124 635 4175 rel
653 4121 781 4183 manime,
807 4137 854 4174 seu
882 4119 947 4172 doio
979 4137 1025 4172 sea
1055 4118 1110 4168 ulio

9 4191 119 4265 quovis
139 4193 220 4248 modo
241 4195 322 4247 istum
339 4195 425 4248 virum
444 4193 568 4264 cepisset.
604 4193 750 4246 Chamures
772 4193 854 4262 igitur
875 4209 927 4246 uua
946 4207 1005 4243 aum
1023 4187 1111 4242 scriba
