2730 4630
199 253 272 326 208
436 255 602 322 LAONlCi
633 257 1020 321 eustcocouuutns

155 393 307 490 bum
352 426 490 508 Λίγυρες
511 427 618 505 μέντοι
646 421 701 506 τὴν
721 414 862 504 Εόβοιαν
881 425 984 509 πολλῷ
1008 420 1054 486 ἔτι
1075 419 1298 503 παλαιότερον

199 526 367 607 κατέσχον·
422 526 480 610 ἐφ’
509 515 556 588 τόν
588 525 804 608 ἐπιτραπέντες
836 523 865 586 οἱ
887 523 1035 588 Ουἐνετοι·
1053 522 1108 586 ἐπί
1127 518 1212 607 ῥητῷ
1234 521 1299 604 τῆς

198 626 295 706 νὴσου
316 625 482 707 ἐπέβησαν.
526 621 608 703 μετὰ
630 625 665 686 δέ
686 625 786 687 ταῦτα
803 619 879 686 κατὰ
899 619 1005 704 βραχό
1029 616 1186 702 προϊόντες
1207 617 1298 700 ξόμ-

201 724 306 788 ποσόν
325 747 359 788 τε
380 721 437 805 τὴν
457 715 594 805 Eriperes
615 727 777 803 κατέσχον,
800 724 832 796 ἐς
853 719 1015 807 διαφορὰν
1034 720 1125 805 σφίσι
1147 722 1209 785 ταῖν
1222 725 1299 786 Λι-

201 822 306 908 γύρων
338 816 595 907 ἀφικνουμένων,
624 826 678 885 καί
700 818 755 904 τὴν
773 843 807 886 τε
832 821 944 904 χώραν
964 819 1018 884 καὶ
1039 817 1212 904 προσόδους
1233 821 1325 884 ατί-5

203 927 286 1002 τῶν,
315 917 384 986 όσοι
414 929 478 996 τοῖς
501 923 662 996 Ουἐνετοῖς
690 917 863 1004 ἐπιτὴδειοι
885 916 1055 1002 ἐτόγχανον
1077 911 1173 1001 ὄντες,
1195 919 1299 984 εἰσέτι

204 1025 260 1088 ναί
280 1026 335 1086 νόν
356 1024 553 1088 διατελοῦσιν
573 1019 714 1103 ἔχοντες,
734 1023 791 1085 καί
809 1019 887 1084 κατὰ
910 1021 1011 1085 ταῦτα
1032 1021 1217 1100 ἐμμένοντες
1242 1021 1299 1104 ἐφ’

206 1117 253 1197 οἷς
274 1121 475 1202 σπενδόμενοι
506 1123 613 1198 ου’τοῖς
641 1123 815 1204 ξυνέβησαν
835 1117 913 1184 κατὰ
935 1117 992 1200 τὴν
1012 1119 1104 1201 νὴσον
1125 1115 1155 1182 οἱ
1180 1117 1300 1182 Οὐενε-

207 1223 267 1288 τοί.
310 1221 327 1287 ό
347 1228 454 1304 μέντοι
472 1220 645 1306 Ῥαινέριος
664 1225 719 1284 καί
738 1219 767 1284 οἱ
784 1223 986 1304 Κελτίβηρες,
1009 1218 1064 1282 καί
1071 1219 1202 1283 Κελτῶν
1224 1211 1298 1281 όσοι

208 1323 263 1390 ἐπί
283 1323 338 1402 τὴν
357 1324 412 1405 τὴς
433 1322 581 1395 Ἑλλάδος
601 1319 825 1405 καταστροφὴν
847 1317 1003 1403 ἐγένοντο,
1033 1321 1135 1405 πολλῷ
1162 1313 1297 1399 ὕστερον
1310 1333 1341 1385 10

208 1424 326 1490 τοότων
345 1425 509 1506 φαίνονται
540 1413 727 1504 όφικόμενοι
748 1416 801 1484 ἐπί
820 1417 874 1483 τόν
894 1422 999 1502 χῶρον
1018 1423 1136 1481 τοῦτον.
1173 1415 1296 1502 Ῥαιτέ-

108 1534 275 1605 euripo:
297 1524 331 1586 δέ
350 1519 404 1584 καί
424 1523 527 1608 πολλῷ
549 1515 595 1584 ἔτι
614 1517 725 1603 νέὴλυς
746 1512 799 1604 τόν,
821 1516 989 1602 ἐπιγαμίαν
1011 1541 1045 1583 τε
1065 1511 1143 1598 πρὸς
1164 1515 1240 1592 τοός
1262 1515 1298 1581 ἐν

209 1623 245 1711 εὴ
266 1623 388 1707 Ειίβοίρ
409 1619 562 1703 Λιγύρων
583 1617 792 1704 ποιησόμενος
812 1621 867 1683 καί
889 1619 1072 1698 Προθυμοῦ
1091 1615 1171 1691 τινός
1191 1620 1298 1699 θυγα-

211 1725 286 1802 τέρα
308 1717 413 1803 ἔγημε,
434 1719 489 1781 καί
507 1717 562 1800 τὴν
581 1739 615 1782 τε
648 1717 756 1800 χώραν
782 1715 948 1799 κατασχιόν
972 1716 1134 1798 Κόρινθόν
1154 1739 1188 1779 τε
1213 1715 1298 1796 ἐχει-

213 1818 346 1904 ρόσατο,
369 1823 428 1884 καὶ
443 1814 501 1902 τὴν
523 1815 766 1900 Πελοπόννησον
787 1814 907 1881 ἐπενόει
929 1811 977 1880 ότι
1001 1813 1135 1899 τάχιοτα
1157 1815 1216 1900 ὕφ’
1238 1815 1342 1879 nsi-15

211 1923 255 2008 τῷ
290 1917 496 2002 ποιὴσαοθαι.
545 1915 675 2001 ὕστερον
704 1919 811 1998 μέντοι
843 1911 1036 2004 ἀφικομένου
1064 1915 1121 1980 τοῦ
1146 1915 1300 1997 Ἓλλὴυαιν

214 2022 367 2101 βασιλέως
387 2019 537 2102 α’δελφοιῑ,
560 2016 729 2100 ἐπιγαμίαν
749 2013 829 2098 πρός
848 2021 956 2079 τοῦτον
971 2011 1145 2098 ἐπεποίητο,
1162 2017 1219 2078 καί
1237 2018 1300 2077 θυ-

215 2122 333 2202 γατέρα
358 2114 516 2202 ἡρμόσατο
544 2113 644 2204 τοότφ
674 2119 718 2204 τῷ
746 2111 875 2200 ἡγεμόνι
909 2111 1082 2203 Θεοδαόριρ,
1110 2109 1238 2193 κόλλει,
1257 2111 1300 2188 nic

215 2216 318 2302 ἔφην,
338 2221 449 2282 πασῶν
475 2218 540 2281 τεόν
574 2215 643 2280 τότε
665 2217 900 2300 διαφέρουσαν,
930 2215 985 2279 καί
1004 2215 1060 2298 τὴν
1080 2238 1113 2278 τε
1137 2215 1300 2297 Κόρινθον

215 2315 270 2382 ἐπί
283 2321 320 2404 τῇ
339 2313 454 2382 ἑαυτοῦ
472 2317 599 2401 τελευτῇ
619 2319 797 2379 κατέλιπεν·
839 2311 993 2398 ἐπέσχετο
1013 2313 1073 2398 γόρ
1095 2312 1190 2380 όπότε
1215 2315 1342 2402 αότῷ20

217 2415 275 2500 τὴν
294 2421 455 2502 θυγατέρα
477 2415 636 2501 ἡρμόσατο
654 2412 688 2492 ἐς
709 2413 826 2502 φερνὴν
845 2409 929 2502 stirpi
951 2413 1076 2500 ταότην,
1097 2411 1227 2478 ἐπειδὰν
1250 2435 1300 2476 τε·

220 2514 364 2603 λευτὴση.

266 2667 269 2676 Ι
291 2710 334 2762 21.
355 2711 438 2784 ταότη
459 2711 476 2761 Ρ

222 2913 280 2956 ctus
303 2911 344 2956 est
370 2911 398 2954 et
420 2901 593 2956 phocensium
620 2904 735 2974 regionis
761 2904 896 2974 pleraque.
934 2905 1042 2974 Ligures
1062 2905 1198 2957 Euboeam
1216 2905 1300 2973 longis

222 2973 390 3044 temporibus
408 2983 479 3026 retro
498 2983 642 3046 oepersnt3
672 2977 718 3046 qui
737 2975 917 3044 permiserunt
936 2976 1046 3028 Venetis
1068 2979 1146 3028 certis
1165 2977 1301 3028 condicio-

135 3061 138 3064 ·
223 3047 303 3097 nibus
332 3053 360 3096 et
390 3045 475 3114 poetis
494 3047 523 3098 iu
540 3047 653 3098 insulem
672 3045 823 3098 ascendere.
867 3046 996 3116 posthaec
1014 3049 1144 3116 psuintim
1162 3048 1301 3118 progressi,

186 3151 188 3158 ι
223 3115 360 3168 Euboeam
390 3117 541 3168 universam
558 3125 738 3186 occuparunt,
757 3133 816 3168 eum
835 3119 1048 3170 intercessissent
1066 3118 1216 3170 discordiae
1234 3121 1302 3170 inter

225 3188 344 3240 Venetos
358 3194 387 3238 et
403 3186 521 3256 Ligures.
558 3189 692 3256 'regionem
711 3188 788 3240 istem
807 3193 835 3240 et
852 3189 973 3251 reditus,
991 3189 1055 3260 quia
1074 3189 1234 3260 placebant,
1250 3191 1301 3240 Ve-

225 3259 282 3312 neti
300 3256 387 3308 sslhuc
406 3255 509 3310 hubent
526 3257 730 3312 condicionibus
749 3267 778 3310 et
798 3261 883 3328 pectis
903 3259 1005 3322 iisdem,
1024 3261 1122 3330 quibus
1140 3261 1168 3311 in
1185 3275 1244 3311 enm
1261 3261 1302 3310 in·

225 3330 311 3383 suism
339 3336 535 3399 pervenerunt3
560 3345 630 3400 quae
654 3327 761 3398 quidem
792 3328 864 3382 bons
890 3330 944 3382 fide
970 3331 1119 3382 coluerunt.
1158 3332 1302 3390 iiainerius,

227 3401 357 3454 Celtiberi
372 3399 509 3470 Gsliique,
528 3409 664 3471 quotquot
680 3399 755 3452 beilo
765 3400 882 3453 Graecos
898 3402 1072 3466 lseesssbsnt,
1090 3403 1171 3470 longo
1185 3411 1302 3523 tempore

227 3471 334 3524 demum
352 3479 414 3542 post
431 3469 548 3522 Venetos
576 3479 604 3523 et
624 3471 734 3538 Ligures
750 3471 779 3522 in
807 3473 882 3524 istam
902 3473 1035 3542 regionem
1056 3473 1193 3544 oppulisse
1212 3474 1237 3522 si
1257 3489 1304 3523 en-

227 3551 280 3596 tur.
318 3542 455 3594 Rainerius
471 3557 580 3612 quoque
604 3541 704 3594 advena
722 3543 854 3607 existens,
872 3543 998 3595 effinitste
1016 3545 1106 3596 iuuets
1123 3561 1183 3595 cum
1203 3543 1303 3612 Liguri·

228 3613 279 3666 bus
297 3615 344 3684 qui
363 3611 497 3664 Euboessn
526 3611 668 3676 tenebant,
696 3613 825 3666 Prothimi
851 3614 987 3666 ouiusdsm
1011 3617 1093 3666 filium
1121 3631 1230 3666 uxorem
1255 3611 1305 3664 sibi

229 3684 378 3736 associavit.
428 3682 491 3736 bine
516 3683 648 3752 regionem
675 3701 733 3734 eam
755 3701 888 3754 occupans
914 3687 997 3738 etiem
1015 3686 1173 3738 Corinthum
1191 3685 1302 3754 subegit.

230 3755 445 3824 Peloponnesum
477 3771 584 3824 quoque
611 3755 743 3807 subiicere
775 3756 865 3808 animo
890 3757 1014 3825 ngitabnt.
1065 3767 1159 3827 postes
1189 3773 1247 3808 eum
1273 3753 1305 3804 nt

230 3827 318 3896 ipsum
334 3826 440 3878 veniret
460 3825 541 3877 freter
559 3825 719 3878 Graecorum
745 3827 813 3894 regis
831 3827 999 3888 Theodorus,
1019 3827 1090 3880 inter
1109 3845 1136 3882 se
1155 3825 1305 3879 uffinitstem

231 3897 366 3948 iecerunt:
387 3913 448 3947 nam
467 3913 575 3948 uxorem
596 3895 671 3948 dedit
680 3896 824 3949 Theodoro
842 3899 904 3952 duei
921 3899 1003 3950 filiurn
1022 3915 1103 3960 susm,
1122 3915 1192 3968 quae
1211 3899 1307 3950 forense

232 3965 365 4033 elegantis
380 3983 472 4018 omues
490 3966 674 4029 antecedebat,
687 3967 908 4040 Corinthumque,
925 3969 971 4020 ubi
984 3978 1104 4022 mortuus
1119 3979 1185 4032 eset,
1203 3969 1228 4020 ei
1244 3985 1307 4019 con-

232 4037 319 4088 cessit.
355 4039 515 4106 promiserat
531 4039 602 4090 enim
624 4039 771 4104 Rainerius,
789 4051 819 4094 ut
836 4040 907 4094 dotis
920 4041 1040 4104 nomine,
1058 4041 1104 4093 nbi
1123 4042 1234 4111 primum
1254 4041 1307 4110 ipse

232 4106 375 4160 defunctus
395 4106 486 4173 inerit,
505 4107 662 4163 Corinthum
682 4111 804 4182 accipiat.
