2696 4616
312 341 369 402 on
397 337 528 402 annos
555 333 744 402 tumescis
772 337 810 400 s.
831 339 884 400 rs.
1063 317 1138 397 493

36 493 163 556 &soiius
184 489 230 575 spi
251 481 332 572 ἥρωι
353 489 410 552 eoi
424 485 469 571 μὴ
489 491 700 574 πσρσβσινειν
719 485 759 550 τοὶ
782 485 983 568 νομιζόμενα,
1007 486 1063 550 κατ’
1080 486 1243 558 τοῦν.λοε

36 615 77 675 γε
100 591 215 654 λοιποῦ
235 582 346 670 ἄρχειν
368 585 518 652 ἁπάντων
545 584 732 670 ἀνθρώπων.
783 585 839 650 soi
860 581 907 662 nic
928 587 958 650 δ’
978 579 1018 650 iia
1038 588 1140 663 ξυντι-

39 682 172 754 introi
203 681 389 768 ἅνθρωπος,
416 682 479 750 εἴτε
508 687 575 773 θεῷ
602 683 667 750 εἴτε
697 679 795 766 ἥρωι,
816 688 849 762 ἐς
870 679 888 746 ‘o'
908 679 949 750 iis
969 683 1140 771 τελευτήσῃ

39 791 219 873 πειζθεσθσι
239 781 367 868 ἀνάγκη.
409 787 465 850 καί
482 781 523 849 σύ
537 779 623 868 ἡμεῖς
642 781 756 848 τούσδε
769 782 952 868 ὁμοφύλους
970 782 1017 866 μὴ
1038 785 1141 858 καλῶς

7 895 156 967 ὀποιεῑς,
178 880 311 960 δούλους
338 879 432 960 ὄντος
460 885 517 948 τοῦ
551 879 670 968 ἥρωος,
704 881 785 966 πρὸς
810 881 847 946 ὃν
865 880 922 960 τὰς
938 879 1100 966 συνθήκας
1120 879 1169 966 titt

37 995 144 1068 μοϊρσ
163 982 311 1061 ἐτάξατο·
364 983 403 1048 ot
433 982 494 1066 γὰρ
525 981 716 1066 περιόψεται
738 982 821 1066 ἡμεῖς
843 985 878 1048 εἰι
897 986 958 1046 oosi
977 987 1140 1066 περιυβρι-

44 1090 200 1165 ζομένσυς
231 1086 286 1148 τιεί
313 1085 521 1167 ἠδικημένους
549 1084 771 1162 περινοστεῖν.”
819 1085 920 1148 ταῦτα
942 1079 1034 1165 ἔλεγε.
1087 1080 1143 1146 κατ’

40 1181 216 1264 υπολυβών
237 1180 254 1244 ὃ
278 1180 432 1263 βασιλευς
464 1177 550 1264 ἔλεγε
571 1181 690 1246 τοιάδε.
731 1171 776 1245 “oi
796 1183 899 1264 γῦνσι,
917 1181 952 1244 ἐν
973 1183 1042 1267 δίκῃ
1064 1181 1143 1260 μέν·

39 1305 92 1348 τοι
116 1279 243 1365 εἴρηταί
253 1303 303 1346 σοι
325 1281 453 1367 ἕκαστον,
475 1273 514 1344 εὖ
535 1284 644 1364 μέντοι
663 1275 812 1346 ἐπίστασο
825 1277 941 1355 οὖς,νοί
959 1281 1001 1366 τῷ
1017 1284 1147 1361 βασιλεῖ’

2 1399 31 1454 ,ο
41 1385 141 1446 πλέον
158 1381 187 1446 τι
216 1383 382 1462 χαρίζεται
408 1383 428 1464 ἧ
459 1375 602 1466 συνθήκη
630 1377 686 1444 sui
710 1381 752 1466 τῷ
772 1377 928 1467 τυράννῳ.
973 1384 1082 1464 φέρειν
1104 1383 1141 1446 tt

41 1486 141 1548 τοῦτο
158 1479 198 1546 τοὶ
220 1479 393 1564 πράγματα
405 1481 565 1567 πέφυκεν·
607 1473 646 1561 ἢν
657 1479 694 1542 tt
713 1482 768 1543 τοι·
784 1477 856 1554 τους
868 1477 1048 1565 ὁμοφύλους
1069 1482 1141 1556 ἐξιτ-

40 1580 214 1662 paptiano
233 1602 280 1653 τις
302 1573 467 1664 φαίνηται,
490 1577 609 1662 ἀνάγκη
623 1579 678 1642 ἕπε’
696 1579 877 1660 μαρτυρίαν
889 1581 982 1642 τοῦτο
1005 1578 1084 1642 ου’τό
1095 1601 1143 1655 τις

41 1679 189 1746 &trieres
210 1677 267 1742 νοΐ
287 1673 416 1742 meiero
437 1676 628 1759 ἀμύνεσθαι.
678 1680 734 1740 ani
753 1676 843 1760 ἡμεῖς
879 1677 915 1740 δὲ
934 1680 1030 1741 τοῦτο
1050 1700 1141 1764 ποιη-

42 1777 188 1862 σάμενοι,
211 1777 266 1842 κατ’
287 1777 484 1858 προειπόντες
512 1776 599 1864 αὐτῷ
621 1774 664 1858 μή
694 1779 847 1858 παρέχειν
866 1780 903 1862 τῇ
919 1773 1058 1866 ἡμετέρᾳ
1075 1777 1142 1860 χῶ-

12 1903 98 1965 5ρρ,
122 1871 194 1940 οὔτε
216 1877 364 1956 ἀπείχετο
385 1872 419 1938 ri
443 1871 594 1956 nupsisse
613 1874 668 1938 nui
685 1871 1020 1956 intermutatione
1043 1875 1170 1950 &notio

43 1997 135 2042 σοτο.
177 1972 264 2053 ὅμως
291 1974 366 2037 τάδε
396 1976 602 2046 ἑπιτέλλοντες
633 1975 678 2058 τῷ
698 1975 744 2059 σῷ
772 1971 841 2060 eripi,
863 1966 1051 2054 οἶπεχόμεθσ
1084 1977 1143 2054 μὲν

42 2077 104 2140 τοῦ
131 2075 245 2141 λοιποῦ
266 2074 322 2156 τῆς
342 2069 461 2154 χώρας,
492 2071 546 2154 ἐφ’
567 2061 592 2158 ᾧ
611 2070 656 2152 μὴ
686 2072 833 2155 ἐπιβῆναι
852 2072 986 2146 ἐσαῦθις
1004 2076 1059 2156 τῆς
1077 2069 1142 2154 χῶ.

46 2199 109 2258 ροις
132 2171 298 2256 ἡμῶνκαὶ
316 2172 398 2254 μηδὲ
416 2174 461 2259 τῷ
492 2175 621 2252 βασιλεῖ
641 2173 876 2254 Τραπεζοῦντος
897 2169 1068 2254 ἐπαμύνειν
1086 2173 1143 2234 τοτ’

43 2275 277 2356 ὖπερμσχεϊυ.”
320 2275 423 2336 ταῦτα
447 2267 589 2346 εἰπόντος
612 2271 670 2335 τοῦ
697 2273 853 2352 βασιλέως
871 2275 1053 2338 συνετίθετο
1084 2271 1143 2337 osi-

0 2381 117 2454 ostien
138 2370 157 2457 ἦ
177 2371 256 2458 γυνὴ
279 2376 333 2438 καὶ
353 2369 493 2448 σπονδὰς
516 2373 661 2438 ἐποιεῖτο.

47 2577 90 2629 sin
110 2575 323 2646 praevaricatur,
348 2574 577 2644 praevaricantem
597 2572 676 2642 ΙλΙΙίεο
694 2574 860 2628 comminuit
909 2581 938 2627 tu
959 2574 1069 2644 quidem
1083 2591 1140 2628 ma-

48 2648 147 2698 ximnm
167 2655 327 2698 consecutus
346 2663 374 2697 es
393 2645 559 2708 felicitatem,
580 2644 648 2695 adeo
670 2653 700 2698 ut
717 2645 809 2697 nuilus
830 2645 948 2699 omnium
961 2647 1009 2718 qui
1030 2647 1139 2699 inorbo

49 2725 113 2770 sunt
132 2734 223 2787 regum
241 2717 292 2770 tibi
311 2718 346 2768 sit
370 2713 557 2768 conferendos.
599 2731 680 2766 eausa
708 2731 771 2768 vero
800 2717 828 2766 in
853 2725 978 2788 promptu
1005 2728 1056 2772 est:
1076 2735 1139 2770 nam

49 2789 161 2860 paruisti
182 2788 269 2851 heroi,
288 2796 316 2840 et
334 2787 458 2838 solennia
478 2801 549 2872 quae
566 2787 649 2838 semel
667 2786 723 2838 risa
743 2793 810 2838 sunt
825 2805 880 2840 non
898 2805 926 2840 es
946 2797 1141 2857 transgressns;

50 2868 79 2912 et
97 2859 124 2910 in
143 2867 279 2928 posterum
301 2857 456 2926 imperabis,
475 2875 497 2909 ει
514 2858 553 2909 sio
569 2858 719 2928 perrexeris
740 2873 827 2926 agere.
863 2860 948 2928 pactis
968 2869 1060 2911 autem
1079 2879 1139 2912 om-

49 2929 141 2990 nibus,
159 2947 227 2998 quae
247 2931 308 3000 quis
327 2929 422 2980 iecerit
442 2929 498 2980 eise
516 2945 576 2980 cum
594 2929 678 2980 irsroe
696 2929 753 2980 sire
771 2945 831 2980 oum
853 2927 914 2994 deo,
932 2929 1019 2983 donec
1039 2933 1139 2984 moris-

52 3001 97 3062 ris‚
113 2999 235 3052 stantium
254 3007 302 3051 est.
353 3015 443 3050 verram
464 3016 519 3052 non
539 2999 653 3052 honeste
674 2999 813 3050 nobiscum
843 3002 909 3068 agis,
927 3003 973 3071 qui
992 3019 1083 3054 sumus
1103 3002 1139 3056 sle

51 3081 97 3123 tus
115 3072 227 3122 natione
248 3079 276 3122 st
293 3071 361 3122 servi
379 3067 479 3122 herois.
526 3085 587 3122 nem
606 3071 688 3122 etiam
708 3071 787 3121 Parca
806 3079 892 3122 tecum
910 3081 987 3142 pacta
1008 3082 1057 3129 est.
1094 3091 1140 3126 sn-

55 3143 90 3193 tia
109 3141 177 3202 srio‚
195 3139 263 3192 haec
283 3157 331 3192 nos
349 3157 404 3192 non
423 3141 565 3208 despiciet,
584 3158 634 3192 nec
660 3157 709 3192 nos
729 3143 900 3194 contumeliis
923 3151 951 3196 et
968 3145 1073 3196 iniuriis
1091 3145 1140 3198 abs

50 3223 79 3265 te
97 3215 203 3266 affectos
223 3211 347 3263 aberrare
365 3227 446 3280 sagos
464 3213 561 3264 sinet.''
580 3211 646 3264 haec
658 3212 748 3264 locuta
765 3219 815 3264 est.
851 3229 896 3264 res
914 3221 1002 3266 autem
1021 3217 1050 3268 iu
1067 3215 1141 3268 huno

51 3281 160 3336 modum
179 3283 327 3353 respondit.
373 3291 408 3334 “o
436 3283 549 3342 mulier,
575 3299 631 3335 non
649 3299 682 3336 eo
706 3282 808 3336 infitias
826 3285 893 3354 quin
913 3285 981 3336 iusta
996 3289 1051 3338 sint
1070 3303 1140 3356 quas

52 3356 263 3406 commemorasti
284 3357 388 3406 omnia:
416 3371 507 3406 rernm
538 3352 612 3406 haud
641 3363 668 3406 te
695 3353 762 3405 tiam
791 3362 832 3406 est
851 3363 958 3423 pactum
978 3365 1139 3410 conventum

51 3425 164 3496 amplius
181 3424 321 3496 quidpiam
340 3441 421 3496 quom
440 3427 544 3495 privato
562 3425 705 3492 gratificari
724 3425 779 3492 regi
796 3432 824 3478 et
844 3433 966 3492 tyranno.
1002 3427 1031 3480 id
1048 3437 1140 3481 autem

53 3513 139 3550 rerum
175 3497 343 3566 experientia
374 3496 558 3548 demonstrare
578 3496 726 3548 consuevit.
770 3513 832 3548 nam
851 3499 872 3548 si
891 3499 952 3568 quis
970 3499 999 3550 in
1017 3499 1138 3555 eiusdem

53 3567 168 3620 nationis
186 3567 311 3620 homines
348 3583 439 3618 secare
458 3575 580 3636 apparet,
599 3567 655 3618 eius
676 3567 714 3618 rei
724 3569 884 3620 testimoniis
896 3568 963 3621 fides
982 3571 1139 3642 accipientia

54 3649 101 3692 est.
137 3637 237 3692 sieinde
255 3585 428 3690 tesefontem
460 3646 568 3708 oportet
589 3638 718 3690 ultionem
745 3642 858 3708 exigere.
896 3639 948 3692 hoo
967 3659 981 3690 a
1003 3641 1081 3694 nobis
1098 3643 1139 3694 ia-

53 3721 122 3762 ctum
146 3718 195 3762 est.
215 3709 350 3781 siquidem
369 3707 550 3779 praediximur
578 3709 633 3760 filio
663 3717 710 3760 too
728 3727 778 3762 nos
805 3710 881 3762 noiis
911 3712 1025 3780 amplius
1045 3713 1069 3764 ei
1089 3731 1138 3766 no·

55 3792 132 3832 stram
151 3781 283 3851 praebere
302 3781 447 3849 regionem.
489 3788 591 3832 utnon
615 3781 751 3850 acquievit
768 3789 859 3834 nostro
886 3781 1009 3851 irnperio,
1029 3801 1078 3836 nec
1096 3801 1138 3836 re·
1161 3785 1165 3798 '

55 3853 130 3920 giorno
149 3859 241 3904 nostra
259 3852 406 3906 abstinuitz
434 3867 526 3904 serum
550 3857 641 3902 nostra
660 3851 839 3904 interturbnre
857 3851 986 3904 recedens
1006 3871 1061 3906 non
1082 3871 1139 3906 ces.

55 3921 129 3974 savit.
165 3932 301 3976 coeterum
324 3933 385 3978 utut
403 3921 470 3974 huet
502 3923 665 3982 factasunt,
693 3930 783 3974 tamen
802 3923 859 3973 iiiio
879 3931 926 3974 tuo
946 3923 1139 3976 haeenontia·

55 4011 123 4058 mus3
145 3995 376 4064 quaesiissent,
395 3993 429 4044 ab
450 3993 509 4046 eius
529 3993 638 4060 regione
652 3993 796 4042 exercitum
808 3991 979 4046 abducemus.
1016 3994 1051 4046 tis
1070 4011 1139 4066 ops·

56 4081 109 4114 rsm
128 4081 163 4116 ns
182 4067 211 4117 in
233 4074 349 4118 nostram
376 4067 510 4132 regionem
540 4063 706 4118 incursiones
727 4062 822 4126 iaciat,
840 4079 891 4114 nec
917 4066 1019 4118 susiiio
1048 4066 1140 4119 reniet

56 4137 108 4202 regi
120 4135 310 4208 imprimatis,
336 4144 367 4188 nt
389 4137 467 4186 simui
486 4152 546 4188 enm
566 4135 623 4205 ipss
640 4142 762 4204 capessat
779 4133 906 4186 beiium.''
924 4133 990 4190 haec
1007 4138 1053 4191 ubi
1076 4156 1139 4191 nar.

54 4206 121 4258 rsrit
142 4222 202 4274 res,
232 4209 327 4264 mulier
355 4207 543 4300 ppoiecebstur
564 4215 590 4258 et
610 4223 702 4278 paoem
727 4207 916 4277 componebat·
