2696 4616
317 305 372 367 on
401 305 529 368 annus
557 303 745 368 nucleis
775 305 811 364 a.
831 305 870 364 x.
1081 285 1150 364 tlt

56 453 183 516 molleis
201 453 419 538 διαφερούσας
432 458 486 517 κατ’
506 457 641 532 συνέσει,
663 447 791 516 ἐκάλεσέ
803 473 836 517 τε
851 453 884 524 ἐς
905 441 981 532 ὄψιν
1001 447 1060 532 τήν
1079 445 1155 514 ἑαν-

54 555 126 635 rori,
146 555 225 618 lurra
249 575 282 614 τε
302 550 520 636 ἱμειρόμενος,
541 555 597 616 καί
617 551 660 626 ὥς
685 547 839 616 ἐθεάσατο
861 547 904 626 ὥς
925 547 1090 634 καλλίστην
1111 543 1155 614 τί·

54 677 121 733 ναι,
145 652 269 736 ἠράσθη
281 675 314 716 τε
339 655 396 734 τῆς
416 647 571 736 γυναικός,
592 653 647 716 καί
659 650 807 735 ἐρασθείς
827 654 895 731 μετ’
915 652 955 714 ον’
974 647 1053 714 πολι)
1078 674 1154 715 σαν-

54 755 180 834 εχένετο
207 755 263 815 κατ’
281 754 326 840 τῷ
352 748 445 835 ἔρωτι
474 754 622 834 χαλεπῶς
649 749 841 830 ἐλαμβάνετο
873 747 928 812 καί
955 747 1088 836 συνῴκει
1114 749 1154 835 τῇ

20 847 202 936 5γυναικί,
230 855 286 916 καί
307 853 553 932 δυσανασχετῶν
579 845 638 934 ἤδη
659 855 703 936 τῷ
721 847 814 930 ἔρωτι
833 851 888 934 τῆς
906 846 1053 930 γυναικὸς
1072 847 1152 912 αἴλι-

51 951 155 1034 γώρει
174 973 207 1015 τε
227 947 295 1031 ἅμα
320 949 375 1014 καί
397 951 505 1034 ἠμέλει
521 955 575 1032 τῆς
594 946 709 1014 ἑαυτοῦ
730 951 891 1031 κουριδίης
911 941 1066 1030 γυναικός.
1091 944 1150 1031 τήν

52 1053 91 1114 δὲ
122 1049 254 1132 γυναῖκα
290 1073 371 1136 φασι
397 1053 461 1114 τῶν
490 1048 638 1130 ἐμπόρων
672 1049 822 1133 ἐσομένην
852 1045 915 1112 α’πό
948 1049 1148 1140 Φλωρεντίας

52 1154 200 1235 σι’φῖχθαι
218 1153 251 1226 ἐς
271 1151 330 1233 τήν
348 1147 470 1236 χώραν.
518 1145 619 1234 ταύτῃ
645 1149 705 1227 μὲν
736 1141 792 1211 σίν
813 1145 1002 1212 σννσιιιαῖνὸ
1024 1147 1147 1212 §avua
1158 1154 1188 1205 V.
1198 1155 1250 1210 225

51 1255 111 1332 λης
144 1255 182 1338 τῇ
210 1253 336 1334 γυναικί
363 1245 509 1331 ἐπαχθής
536 1241 576 1333 ἦν
603 1247 658 1310 καί
688 1242 857 1332 ἀφόρητος.
908 1248 949 1310 δι’
982 1241 1066 1328 obdu*
1091 1243 1248 1308 adep-289

20 1343 256 1433 )α’νασχομε’νη
277 1345 331 1414 ἐπί
352 1351 445 1412 παιδί
465 1348 572 1436 νεανίᾳ
593 1349 725 1410 τοιαῦτα
758 1344 943 1426 ἀνέχεσθαι,
966 1341 1053 1407 δεινοὶ
1077 1365 1149 1407 ποι-

48 1451 169 1532 ουμένη
190 1445 268 1528 μετὰ
287 1450 344 1514 τοῦ
365 1445 480 1520 παιδὸς
501 1447 599 1528 αὐτῆς
621 1441 730 1528 κρύφα
750 1445 783 1518 ἐς
801 1441 860 1526 τήν
878 1443 1064 1526 Ῥαχοαζιόυ
1087 1441 1147 1506 no'..

46 1555 101 1610 λιν
123 1539 351 1630 ἀπηλλάσσετο.
404 1535 496 1620 οὗτος
529 1545 588 1624 μὲν
609 1537 665 1608 σίν
684 1539 936 1626 διαπρεσβεύσεις
956 1537 1046 1626 ἠξίου
1066 1541 1146 1605 dno·

45 1651 202 1731 στρέφειν
222 1643 254 1720 ἐς
277 1643 333 1728 τὴν
352 1644 464 1726 χώραν
487 1643 586 1708 αὐτοῦ
606 1642 660 1706 aar*
678 1639 722 1724 μή
739 1644 772 1706 ἐν
793 1643 941 1729 α’λλστρίρι
962 1640 1053 1730 χώρᾳ
1074 1643 1146 1706 δια-

45 1747 177 1827 τρίβειν,
200 1738 308 1826 αίσχσς
331 1737 368 1806 ὂν
386 1742 458 1807 τόδε
473 1743 634 1827 ἐπιφέρειν
656 1744 689 1816 ἐς
711 1739 783 1815 τούς
803 1735 1004 1822 ἀνθρώπους.
1046 1739 1145 1824 ἠμὲν

20 1836 109 1904 ἰσιίν
128 1844 203 1924 yvon*
227 1843 285 1904 ουίι
304 1846 458 1920 ἐπείθετο,
479 1843 548 1902 oo‘d'
569 1840 778 1924 ὑποστρέφειν
798 1837 944 1924 ἔφασκεν,
966 1834 1062 1923 dacer)
1085 1839 1143 1924 τὴν

42 1953 181 2024 γυναῖκα
204 1941 433 2026 α’ποπὲμψηται
453 1944 485 2016 ἐς
496 1941 705 2023 Φλωρεντίαν,
724 1934 747 2022 ἢ
766 1939 849 2023 αὐτῇ
860 1941 932 2020 παρ’
953 1939 1040 2025 edepl
1058 1937 1141 2024 χρή.

45 2065 142 2124 σηται
164 2037 207 2116 ὥς
227 2037 267 2104 τίν
284 2039 447 2125 βούληται.
467 2042 566 2103 ταῦτα
587 2041 646 2120 μὲν
667 2035 750 2102 οὕτω
769 2041 916 2122 γενέσθαι
936 2042 1067 2122 λέγεται,
1087 2036 1142 2104 τὸν

44 2145 82 2206 δὲ
105 2143 205 2226 nardo
238 2140 339 2204 αὐτοῦ
367 2141 568 2222 διενεχθέντα
595 2139 651 2202 καί
672 2137 735 2202 ὑπὸ
754 2138 946 2220 Ῥαχουζίων
966 2137 1168 2222 στρατηγόνΒ

43 2242 243 2306 καταστάντα
275 2247 423 2319 πολεμεῖν
451 2243 495 2326 τῷ
521 2243 633 2322 πατρί,
660 2237 879 2320 μαχεσάμενόν
900 2261 934 2302 τε
962 2240 1005 2326 τῷ
1032 2243 1139 2322 πατρί,

20 2334 99 2404 >ola
122 2338 319 2422 α’μυνόμενσν
349 2343 382 2416 ἐς
402 2339 460 2423 τήν
478 2339 592 2425 φύσιν,
629 2337 816 2421 τρίψασθαί
834 2361 868 2402 τε
898 2338 994 2404 αὐτὸν
1016 2341 1137 2422 πατέρα

44 2441 103 2504 καί
124 2440 262 2524 σαχνσύς
286 2440 436 2505 α’νελόντα
464 2441 521 2504 τοῦ
541 2441 681 2518 στρατοῦ
702 2439 820 2520 calaad,
837 2439 975 2522 σῖθέμιτα
998 2463 1138 2527 προσφι-

42 2540 180 2626 ρὸμειον
211 2543 255 2630 τῷ
284 2540 384 2626 πατρί
414 2541 516 2604 αὐτοῦ
546 2538 600 2603 καί
626 2535 796 2604 ὑπεναντία
824 2543 877 2624 τῆς
908 2543 1002 2626 δίκης.
1045 2543 1136 2627 ἐπρε-

45 2819 82 2872 ad
103 2835 131 2870 se
151 2819 241 2870 vocari
273 2816 359 2870 iubet.
396 2835 466 2890 quae
493 2817 541 2870 ubl
563 2817 591 2869 ln
620 2823 793 2886 conspectum
819 2819 902 2882 venit,
924 2835 957 2872 eo
978 2820 1052 2892 quod
1073 2823 1137 2893 pul.

45 2890 176 2942 cherrima
195 2897 274 2952 esset,
292 2887 422 2941 Sandales
440 2893 531 2942 usaria
550 2905 641 2940 amore
656 2890 766 2942 satiatus
779 2903 838 2941 eam
849 2893 957 2959 sprevit.
979 2909 1030 2944 neo
1048 2895 1135 2947 molto

47 2969 111 3034 post
128 2978 217 3012 amore
235 2963 393 3030 peregrinae
412 2977 502 3012 amens
522 2969 550 3012 et
568 2960 663 3012 ardens
682 2977 742 3012 cum
764 2975 795 3011 ea
813 2961 970 3025 concubuit,
989 2964 1135 3033 plurimum

44 3048 135 3082 aurore
157 3040 289 3083 aestuans.
307 3031 498 3083 adhaerescens
522 3041 612 3083 autem
630 3031 788 3100 peregrinae
809 3033 925 3095 mulieri,
946 3035 1022 3086 uxori
1041 3035 1135 3089 admo.

45 3101 109 3154 dum
128 3105 257 3154 molestus
278 3111 350 3168 erat;
368 3117 448 3171 quarn
475 3103 642 3172 despiciebat
668 3111 817 3172 etproraur
834 3103 996 3172 negligebat
1034 3107 1134 3159 mulier

44 3183 135 3224 aulem
154 3175 200 3225 illa
220 3182 278 3224 erat
295 3179 472 3224 mercatorum
490 3173 726 3236 l'lorentinorrrm,
746 3181 773 3223 et
792 3175 818 3223 in
838 3172 907 3225 banc
927 3172 1062 3243 r'ogionem
1081 3193 1132 3248 ap·

44 3246 160 3313 pulerat.
198 3261 357 3296 conversans
386 3243 478 3314 itaque
501 3243 646 3313 plurimum
674 3260 733 3294 cuna
757 3242 808 3294 hac
826 3246 948 3296 muliere'
965 3247 1087 3299 infensus
1106 3255 1134 3302 et

45 3316 174 3367 molestor
196 3325 336 3367 crateuas
358 3316 443 3365 uxori.
479 3331 548 3365 uxor
567 3331 623 3366 non
643 3313 731 3365 serens
750 3315 865 3385 amplius
885 3314 963 3368 hasce
981 3318 1131 3386 indignita-

43 3397 94 3449 tes,
115 3388 227 3438 maxime
245 3385 452 3456 propterlilium
466 3401 544 3436 suurn
562 3385 769 3452 adplescentem,
787 3403 840 3438 una
852 3403 910 3436 cum
926 3403 959 3438 eo
978 3390 1046 3440 clam
1059 3390 1131 3442 Rha·

43 3459 146 3526 gotium
168 3457 297 3528 profugit.
333 3455 461 3509 Sandales
482 3455 568 3506 mirsia
589 3457 683 3524 legatis
701 3473 810 3508 uxorem
832 3457 942 3524 rogabat
960 3467 991 3511 ut
1012 3469 1131 3513 reverte·

44 3538 118 3580 retur
135 3531 162 3580 iu
180 3545 254 3580 suam
274 3528 428 3595 regionem,
445 3543 496 3578 nee
523 3527 551 3578 in
569 3527 656 3578 aliena
677 3526 800 3596 degeret,
827 3529 938 3598 vulgans
957 3531 1131 3601 opprobrium

43 3619 119 3651 suurn
139 3601 167 3651 ln
186 3599 319 3650 homiues.
355 3607 383 3649 at
402 3615 469 3650 uxor
496 3615 552 3650 non
576 3597 781 3668 obtemperabat
802 3599 889 3650 verbis
909 3602 1013 3665 mariti,
1036 3603 1083 3654 sed
1102 3603 1131 3656 in

41 3674 114 3723 hunc
132 3670 240 3722 modum
259 3669 408 3739 respondit,
427 3685 456 3721 re
474 3685 529 3720 non
548 3668 702 3732 redituram,
722 3671 774 3722 nisi
795 3669 914 3722 dimittat
933 3673 1073 3725 mulierem
1092 3675 1131 3726 il-

42 3745 95 3794 lam
119 3741 311 3793 Florentinum.
349 3739 462 3810 quodsi
482 3739 569 3791 lacere
588 3742 715 3804 omiserit,
737 3741 842 3791 fruatur
859 3744 999 3810 peregrina
1018 3745 1130 3798 muliere

42 3813 75 3864 ad
94 3813 209 3864 libitum.
259 3811 325 3862 liaeo
352 3810 459 3881 quidem
487 3810 521 3861 ad
550 3827 610 3861 essm
630 3810 738 3862 modum
762 3813 914 3880 contigisse
939 3825 1128 3868 memorantur.

44 3887 115 3935 filius
134 3885 287 3936 inimicitias
310 3899 403 3950 gerens
421 3899 479 3933 cnm
498 3889 585 3952 patre,
606 3891 633 3934 et
659 3883 725 3933 belli
745 3881 798 3932 dux
816 3899 831 3932 a
852 3883 990 3951 Rhagusiis
1008 3903 1129 3956 pronun·

41 3958 132 4018 tintus,
150 3956 224 4007 bello
241 3954 351 4006 adortus
371 3963 412 4005 est
424 3963 541 4026 patrem,
564 3954 722 4024 praelioque
740 3953 808 4004 inito
833 3957 936 4022 patrem
954 3957 1042 4024 lugam
1060 3961 1128 4009 arri·

42 4041 106 4096 pere
126 4027 274 4097 compulit,
293 4027 414 4094 plurimis
443 4023 477 4076 de
496 4026 615 4076 exercitu
636 4025 665 4076 in
684 4025 745 4092 luga
764 4025 868 4087 caesis,
886 4035 958 4078 certe
978 4029 1005 4078 in
1024 4037 1128 4097 patrem

42 4097 122 4164 impia
141 4105 168 4150 et
196 4097 301 4150 nelarie
328 4113 416 4150 ausus.
457 4095 583 4147 mittebat
611 4096 633 4146 is
660 4097 817 4166 frequenter
844 4097 945 4162 legator
966 4097 1002 4150 ad
1030 4116 1127 4168 regem,

42 4169 182 4222 consulens
205 4177 237 4221 ut
261 4169 360 4222 iunctis
383 4168 468 4240 copiis
492 4165 646 4234 lllyriorum
675 4183 764 4236 regem
794 4165 972 4224 debellarent.
1015 4167 1126 4224 tendens
