<?xml version="1.0" encoding="UTF-8"?>
<!DOCTYPE html PUBLIC "-//W3C//DTD XHTML 1.0 Transitional//EN"
    "http://www.w3.org/TR/xhtml1/DTD/xhtml1-transitional.dtd">
<html xmlns="http://www.w3.org/1999/xhtml" xml:lang="en" lang="en">
 <head>
  <title>
</title>
<meta http-equiv="Content-Type" content="text/html;charset=utf-8" />
  <meta name='ocr-system' content='tesseract 3.04.00' />
  <meta name='ocr-capabilities' content='ocr_page ocr_carea ocr_par ocr_line ocrx_word'/>
</head>
<body>
  <div class='ocr_page' id='page_1' title='image "./laonicichalcoco00chalgoog_0578.png"; bbox 0 0 2696 4616; ppageno 0'>
   <div class='ocr_carea' id='block_1_1' title="bbox 325 297 1137 370">
    <p class='ocr_par' dir='ltr' id='par_1_1' title="bbox 325 297 1137 370">
     <span class='ocr_line' id='line_1_1' title="bbox 325 297 1137 370; baseline 0.005 -4"><span class='ocrx_word' id='word_1_1' title='bbox 325 304 380 366; x_wconf 76' lang='lat' dir='ltr'>ut</span> <span class='ocrx_word' id='word_1_2' title='bbox 410 303 540 368; x_wconf 81' lang='lat' dir='ltr'>REBUS</span> <span class='ocrx_word' id='word_1_3' title='bbox 570 299 758 368; x_wconf 75' lang='lat' dir='ltr'>Tunctcts</span> <span class='ocrx_word' id='word_1_4' title='bbox 778 301 813 364; x_wconf 83' lang='grc'>1,.</span> <span class='ocrx_word' id='word_1_5' title='bbox 834 301 874 362; x_wconf 80' lang='lat' dir='ltr'>X.</span> <span class='ocrx_word' id='word_1_6' title='bbox 1064 297 1137 370; x_wconf 80' lang='lat'>559</span> 
     </span>
    </p>
   </div>
   <div class='ocr_carea' id='block_1_2' title="bbox 11 450 1234 2532">
    <p class='ocr_par' dir='ltr' id='par_1_2' title="bbox 23 450 1169 1338">
     <span class='ocr_line' id='line_1_2' title="bbox 23 450 1141 541; baseline -0.007 -19"><span class='ocrx_word' id='word_1_7' title='bbox 23 456 180 541; x_wconf 75' lang='grc' dir='ltr'><strong><em>ἔχοντες,</em></strong></span> <span class='ocrx_word' id='word_1_8' title='bbox 201 451 306 520; x_wconf 84' lang='grc' dir='ltr'><strong><em>δεινόν</em></strong></span> <span class='ocrx_word' id='word_1_9' title='bbox 324 475 359 520; x_wconf 86' lang='grc' dir='ltr'>τε</span> <span class='ocrx_word' id='word_1_10' title='bbox 392 455 556 518; x_wconf 77' lang='grc' dir='ltr'><strong><em>ἐποιοῦντο</em></strong></span> <span class='ocrx_word' id='word_1_11' title='bbox 583 452 772 534; x_wconf 70' lang='grc' dir='ltr'><strong><em>προσμένειν</em></strong></span> <span class='ocrx_word' id='word_1_12' title='bbox 793 471 826 514; x_wconf 80' lang='grc' dir='ltr'>τε</span> <span class='ocrx_word' id='word_1_13' title='bbox 857 450 945 536; x_wconf 75' lang='grc' dir='ltr'><strong><em>αύτῷ</em></strong></span> <span class='ocrx_word' id='word_1_14' title='bbox 963 451 1008 538; x_wconf 73' lang='grc' dir='ltr'>τῷ</span> <span class='ocrx_word' id='word_1_15' title='bbox 1025 453 1141 539; x_wconf 72' lang='grc' dir='ltr'><strong><em>Ὶσδμρῖ</em></strong></span> 
     </span>
     <span class='ocr_line' id='line_1_3' title="bbox 23 547 1138 640; baseline -0.004 -20"><span class='ocrx_word' id='word_1_16' title='bbox 23 559 90 622; x_wconf 72' lang='grc' dir='ltr'><strong><em>κατ’</em></strong></span> <span class='ocrx_word' id='word_1_17' title='bbox 113 558 212 620; x_wconf 84' lang='grc' dir='ltr'><strong><em>ούδέν</em></strong></span> <span class='ocrx_word' id='word_1_18' title='bbox 230 579 263 618; x_wconf 88' lang='grc' dir='ltr'>τι</span> <span class='ocrx_word' id='word_1_19' title='bbox 292 555 487 640; x_wconf 76' lang='grc' dir='ltr'><strong><em>πράττεσθαι</em></strong></span> <span class='ocrx_word' id='word_1_20' title='bbox 510 548 663 626; x_wconf 81' lang='grc' dir='ltr'><strong><em>δνύοντας</em></strong></span> <span class='ocrx_word' id='word_1_21' title='bbox 681 552 715 625; x_wconf 88' lang='grc' dir='ltr'>ές</span> <span class='ocrx_word' id='word_1_22' title='bbox 741 547 800 632; x_wconf 78' lang='grc' dir='ltr'>τὴν</span> <span class='ocrx_word' id='word_1_23' title='bbox 816 552 872 632; x_wconf 81' lang='grc' dir='ltr'>τῆς</span> <span class='ocrx_word' id='word_1_24' title='bbox 893 549 1138 635; x_wconf 69' lang='grc' dir='ltr'>Πελοποννήσου</span> 
     </span>
     <span class='ocr_line' id='line_1_4' title="bbox 23 647 1169 740; baseline -0.003 -20"><span class='ocrx_word' id='word_1_25' title='bbox 23 655 276 740; x_wconf 74' lang='grc' dir='ltr'><strong><em>καταστροφήν.</em></strong></span> <span class='ocrx_word' id='word_1_26' title='bbox 327 653 493 737; x_wconf 78' lang='grc' dir='ltr'><strong><em>ἠγγέλλετο</em></strong></span> <span class='ocrx_word' id='word_1_27' title='bbox 523 651 559 716; x_wconf 85' lang='grc' dir='ltr'>δὲ</span> <span class='ocrx_word' id='word_1_28' title='bbox 580 651 635 714; x_wconf 83' lang='grc' dir='ltr'><strong><em>καί</em></strong></span> <span class='ocrx_word' id='word_1_29' title='bbox 656 648 899 733; x_wconf 86' lang='grc' dir='ltr'><strong><em>Μαχονμούτης</em></strong></span> <span class='ocrx_word' id='word_1_30' title='bbox 928 647 1025 714; x_wconf 77' lang='lat' dir='ltr'>sicori</span> <span class='ocrx_word' id='word_1_31' title='bbox 1045 655 1169 732; x_wconf 68' lang='lat' dir='ltr'>dana-1]</span> 
     </span>
     <span class='ocr_line' id='line_1_5' title="bbox 25 746 1137 840; baseline -0.002 -22"><span class='ocrx_word' id='word_1_32' title='bbox 25 758 115 831; x_wconf 75' lang='grc' dir='ltr'><strong><em>λέπος</em></strong></span> <span class='ocrx_word' id='word_1_33' title='bbox 134 751 266 839; x_wconf 79' lang='grc' dir='ltr'><strong><em>ἧγεμύν</em></strong></span> <span class='ocrx_word' id='word_1_34' title='bbox 286 753 411 840; x_wconf 74' lang='grc' dir='ltr'><strong><em>στρατῷ</em></strong></span> <span class='ocrx_word' id='word_1_35' title='bbox 434 753 557 839; x_wconf 73' lang='grc' dir='ltr'><strong><em>μεγάλῳ</em></strong></span> <span class='ocrx_word' id='word_1_36' title='bbox 579 747 701 816; x_wconf 77' lang='grc' dir='ltr'><strong><em>ἐπιέναι</em></strong></span> <span class='ocrx_word' id='word_1_37' title='bbox 731 747 842 834; x_wconf 81' lang='grc' dir='ltr'><strong><em>σφίσιν</em></strong></span> <span class='ocrx_word' id='word_1_38' title='bbox 862 746 972 823; x_wconf 67' lang='grc' dir='ltr'><strong><em>ἐςιτύν</em></strong></span> <span class='ocrx_word' id='word_1_39' title='bbox 991 751 1137 834; x_wconf 74' lang='grc' dir='ltr'><strong><em>Ἰσθμόν.</em></strong></span> 
     </span>
     <span class='ocr_line' id='line_1_6' title="bbox 23 845 1138 936; baseline -0.003 -16"><span class='ocrx_word' id='word_1_40' title='bbox 23 863 104 936; x_wconf 85' lang='grc' dir='ltr'><strong><em>μετ’</em></strong></span> <span class='ocrx_word' id='word_1_41' title='bbox 128 857 173 918; x_wconf 82' lang='grc' dir='ltr'>ου’</span> <span class='ocrx_word' id='word_1_42' title='bbox 192 851 273 916; x_wconf 83' lang='grc' dir='ltr'><strong><em>πολύ</em></strong></span> <span class='ocrx_word' id='word_1_43' title='bbox 295 855 330 918; x_wconf 87' lang='grc' dir='ltr'>δὲ</span> <span class='ocrx_word' id='word_1_44' title='bbox 358 851 413 916; x_wconf 77' lang='grc' dir='ltr'><strong><em>κατ’</em></strong></span> <span class='ocrx_word' id='word_1_45' title='bbox 441 847 538 924; x_wconf 87' lang='grc' dir='ltr'><strong><em>αύτύς</em></strong></span> <span class='ocrx_word' id='word_1_46' title='bbox 567 845 719 932; x_wconf 74' lang='grc' dir='ltr'><strong><em>βασιλεύς</em></strong></span> <span class='ocrx_word' id='word_1_47' title='bbox 737 849 899 931; x_wconf 74' lang='grc' dir='ltr'><strong><em>ἠγγέλλετο</em></strong></span> <span class='ocrx_word' id='word_1_48' title='bbox 923 845 1064 915; x_wconf 84' lang='grc' dir='ltr'><strong><em>ἐλαύνων</em></strong></span> <span class='ocrx_word' id='word_1_49' title='bbox 1083 851 1138 917; x_wconf 82' lang='grc' dir='ltr'><strong><em>ἐπέ</em></strong></span> 
     </span>
     <span class='ocr_line' id='line_1_7' title="bbox 24 943 1142 1036; baseline -0.002 -16"><span class='ocrx_word' id='word_1_50' title='bbox 24 953 90 1020; x_wconf 86' lang='grc' dir='ltr'>τύν</span> <span class='ocrx_word' id='word_1_51' title='bbox 123 950 285 1034; x_wconf 78' lang='grc' dir='ltr'><strong><em>Ἰσθμόν,</em></strong></span> <span class='ocrx_word' id='word_1_52' title='bbox 315 949 456 1035; x_wconf 84' lang='grc' dir='ltr'><strong><em>ε”γνωσύν</em></strong></span> <span class='ocrx_word' id='word_1_53' title='bbox 477 971 510 1014; x_wconf 89' lang='grc' dir='ltr'>τε</span> <span class='ocrx_word' id='word_1_54' title='bbox 540 943 707 1014; x_wconf 81' lang='grc' dir='ltr'><strong><em>α’πολιπεῖν</em></strong></span> <span class='ocrx_word' id='word_1_55' title='bbox 736 945 791 1013; x_wconf 89' lang='grc' dir='ltr'>τύν</span> <span class='ocrx_word' id='word_1_56' title='bbox 818 948 1142 1036; x_wconf 82' lang='grc' dir='ltr'><strong><em>’1οθμύν,ούδέντι’</em></strong></span> 
     </span>
     <span class='ocr_line' id='line_1_8' title="bbox 25 1044 1136 1139; baseline -0.004 -21"><span class='ocrx_word' id='word_1_57' title='bbox 25 1078 153 1139; x_wconf 85' lang='grc' dir='ltr'><strong><em>σφισιν</em></strong></span> <span class='ocrx_word' id='word_1_58' title='bbox 177 1052 286 1126; x_wconf 73' lang='grc' dir='ltr'><strong><em>αύτούς</em></strong></span> <span class='ocrx_word' id='word_1_59' title='bbox 310 1047 491 1135; x_wconf 81' lang='grc' dir='ltr'><strong><em>πρόσφορον</em></strong></span> <span class='ocrx_word' id='word_1_60' title='bbox 520 1047 553 1125; x_wconf 84' lang='grc' dir='ltr'>ἐς</span> <span class='ocrx_word' id='word_1_61' title='bbox 574 1048 612 1114; x_wconf 85' lang='grc' dir='ltr'>τύ</span> <span class='ocrx_word' id='word_1_62' title='bbox 634 1044 800 1132; x_wconf 84' lang='grc' dir='ltr'><strong><em>παρόντα,</em></strong></span> <span class='ocrx_word' id='word_1_63' title='bbox 824 1051 879 1114; x_wconf 83' lang='grc' dir='ltr'>κού</span> <span class='ocrx_word' id='word_1_64' title='bbox 900 1050 1004 1125; x_wconf 83' lang='grc' dir='ltr'><strong><em>ἰόντας</em></strong></span> <span class='ocrx_word' id='word_1_65' title='bbox 1023 1053 1056 1126; x_wconf 83' lang='grc' dir='ltr'>ἐς</span> <span class='ocrx_word' id='word_1_66' title='bbox 1077 1049 1136 1129; x_wconf 80' lang='grc' dir='ltr'><strong><em>τοὶς</em></strong></span> 
     </span>
     <span class='ocr_line' id='line_1_9' title="bbox 26 1141 1134 1235; baseline 0 -19"><span class='ocrx_word' id='word_1_67' title='bbox 26 1155 147 1227; x_wconf 85' lang='grc' dir='ltr'><strong><em>πόλεις</em></strong></span> <span class='ocrx_word' id='word_1_68' title='bbox 170 1149 336 1235; x_wconf 83' lang='grc' dir='ltr'><strong><em>κρατύνειν</em></strong></span> <span class='ocrx_word' id='word_1_69' title='bbox 355 1171 389 1214; x_wconf 92' lang='grc' dir='ltr'>τε</span> <span class='ocrx_word' id='word_1_70' title='bbox 410 1147 512 1225; x_wconf 84' lang='grc' dir='ltr'><strong><em>αύτύς</em></strong></span> <span class='ocrx_word' id='word_1_71' title='bbox 532 1151 589 1214; x_wconf 81' lang='grc' dir='ltr'><strong><em>κατ’</em></strong></span> <span class='ocrx_word' id='word_1_72' title='bbox 608 1141 797 1229; x_wconf 70' lang='grc' dir='ltr'><strong><em>ἀμύνασθαι</em></strong></span> <span class='ocrx_word' id='word_1_73' title='bbox 820 1145 899 1212; x_wconf 76' lang='grc' dir='ltr'><strong><em>κατὰ</em></strong></span> <span class='ocrx_word' id='word_1_74' title='bbox 917 1149 953 1214; x_wconf 86' lang='grc' dir='ltr'>τύ</span> <span class='ocrx_word' id='word_1_75' title='bbox 974 1148 1134 1235; x_wconf 83' lang='grc' dir='ltr'><strong><em>καρτερόν,</em></strong></span> 
     </span>
     <span class='ocr_line' id='line_1_10' title="bbox 26 1240 1132 1338; baseline -0.001 -21"><span class='ocrx_word' id='word_1_76' title='bbox 26 1247 69 1338; x_wconf 72' lang='grc' dir='ltr'>ἢν</span> <span class='ocrx_word' id='word_1_77' title='bbox 93 1253 230 1317; x_wconf 75' lang='grc' dir='ltr'><strong><em>ἐπίωσιν</em></strong></span> <span class='ocrx_word' id='word_1_78' title='bbox 249 1247 279 1314; x_wconf 80' lang='grc' dir='ltr'>οἱ</span> <span class='ocrx_word' id='word_1_79' title='bbox 299 1245 606 1332; x_wconf 78' lang='grc' dir='ltr'><strong><em>περύΜιιχοομούτη</em></strong></span> <span class='ocrx_word' id='word_1_80' title='bbox 625 1268 660 1310; x_wconf 86' lang='grc' dir='ltr'>τε</span> <span class='ocrx_word' id='word_1_81' title='bbox 680 1240 748 1328; x_wconf 73' lang='grc' dir='ltr'><strong><em>ἅμα</em></strong></span> <span class='ocrx_word' id='word_1_82' title='bbox 768 1249 824 1311; x_wconf 81' lang='grc' dir='ltr'><strong><em>καί</em></strong></span> <span class='ocrx_word' id='word_1_83' title='bbox 841 1244 870 1312; x_wconf 80' lang='grc' dir='ltr'>οἱ</span> <span class='ocrx_word' id='word_1_84' title='bbox 893 1247 968 1332; x_wconf 74' lang='grc' dir='ltr'><strong><em>περὶ</em></strong></span> <span class='ocrx_word' id='word_1_85' title='bbox 986 1253 1132 1330; x_wconf 78' lang='grc' dir='ltr'><strong><em>βασιλέα.</em></strong></span> 
     </span>
    </p>

    <p class='ocr_par' dir='ltr' id='par_1_3' title="bbox 11 1345 1234 2532">
     <span class='ocr_line' id='line_1_11' title="bbox 11 1345 1234 1433; baseline 0.003 -20"><span class='ocrx_word' id='word_1_86' title='bbox 11 1381 13 1404; x_wconf 79' lang='grc' dir='ltr'><strong><em>ι</em></strong></span> <span class='ocrx_word' id='word_1_87' title='bbox 114 1345 171 1426; x_wconf 84' lang='grc' dir='ltr'>Ὡς</span> <span class='ocrx_word' id='word_1_88' title='bbox 191 1348 250 1432; x_wconf 79' lang='grc' dir='ltr'>γὰρ</span> <span class='ocrx_word' id='word_1_89' title='bbox 271 1348 402 1431; x_wconf 82' lang='grc' dir='ltr'><strong><em>α’γγελύα</em></strong></span> <span class='ocrx_word' id='word_1_90' title='bbox 432 1347 565 1433; x_wconf 81' lang='grc' dir='ltr'><strong><em>α’φύιετο</em></strong></span> <span class='ocrx_word' id='word_1_91' title='bbox 583 1350 714 1426; x_wconf 79' lang='grc' dir='ltr'><strong><em>βασιλεῖ</em></strong></span> <span class='ocrx_word' id='word_1_92' title='bbox 738 1345 813 1420; x_wconf 86' lang='grc' dir='ltr'><strong><em>τούς</em></strong></span> <span class='ocrx_word' id='word_1_93' title='bbox 835 1347 1011 1425; x_wconf 81' lang='grc' dir='ltr'><strong><em>Ουἐνεεούς</em></strong></span> <span class='ocrx_word' id='word_1_94' title='bbox 1030 1354 1133 1433; x_wconf 80' lang='grc' dir='ltr'><strong><em>τειχῖ-</em></strong></span> <span class='ocrx_word' id='word_1_95' title='bbox 1141 1365 1169 1418; x_wconf 82' lang='grc' dir='ltr'>Ρ.</span> <span class='ocrx_word' id='word_1_96' title='bbox 1181 1364 1234 1418; x_wconf 83' lang='lat'>299</span> 
     </span>
     <span class='ocr_line' id='line_1_12' title="bbox 28 1441 1132 1532; baseline 0.003 -19"><span class='ocrx_word' id='word_1_97' title='bbox 28 1453 99 1529; x_wconf 86' lang='grc' dir='ltr'><strong><em>ζειν</em></strong></span> <span class='ocrx_word' id='word_1_98' title='bbox 120 1473 157 1514; x_wconf 91' lang='grc' dir='ltr'>τε</span> <span class='ocrx_word' id='word_1_99' title='bbox 178 1449 232 1513; x_wconf 81' lang='grc' dir='ltr'>τόν</span> <span class='ocrx_word' id='word_1_100' title='bbox 249 1446 405 1530; x_wconf 80' lang='grc' dir='ltr'><strong><em>Ἰσθμόν,</em></strong></span> <span class='ocrx_word' id='word_1_101' title='bbox 425 1441 651 1530; x_wconf 77' lang='grc' dir='ltr'><strong><em>πληρώσαντας</em></strong></span> <span class='ocrx_word' id='word_1_102' title='bbox 678 1444 819 1530; x_wconf 77' lang='grc' dir='ltr'><strong><em>τριήρεις</em></strong></span> <span class='ocrx_word' id='word_1_103' title='bbox 847 1448 880 1520; x_wconf 83' lang='grc' dir='ltr'>ἐς</span> <span class='ocrx_word' id='word_1_104' title='bbox 898 1446 1132 1532; x_wconf 81' lang='grc' dir='ltr'><strong><em>τεσσαράκοντα</em></strong></span> 
     </span>
     <span class='ocr_line' id='line_1_13' title="bbox 27 1542 1131 1635; baseline -0.001 -20"><span class='ocrx_word' id='word_1_105' title='bbox 27 1554 119 1635; x_wconf 77' lang='grc' dir='ltr'><strong><em>νηῶν</em></strong></span> <span class='ocrx_word' id='word_1_106' title='bbox 148 1549 184 1616; x_wconf 81' lang='grc' dir='ltr'>δέ</span> <span class='ocrx_word' id='word_1_107' title='bbox 214 1547 344 1631; x_wconf 84' lang='grc' dir='ltr'><strong><em>ύψηλύς</em></strong></span> <span class='ocrx_word' id='word_1_108' title='bbox 364 1547 574 1624; x_wconf 70' lang='grc' dir='ltr'><strong><em>δυοκαίδεκα,</em></strong></span> <span class='ocrx_word' id='word_1_109' title='bbox 595 1548 651 1609; x_wconf 76' lang='grc' dir='ltr'><strong><em>κατ’</em></strong></span> <span class='ocrx_word' id='word_1_110' title='bbox 672 1542 803 1620; x_wconf 84' lang='grc' dir='ltr'><strong><em>ύπλύτας</em></strong></span> <span class='ocrx_word' id='word_1_111' title='bbox 830 1543 1041 1630; x_wconf 78' lang='grc' dir='ltr'><strong><em>ἐπαγομένους</em></strong></span> <span class='ocrx_word' id='word_1_112' title='bbox 1068 1549 1131 1614; x_wconf 79' lang='lat' dir='ltr'>ninia</span> 
     </span>
     <span class='ocr_line' id='line_1_14' title="bbox 20 1637 1130 1731; baseline 0 -16"><span class='ocrx_word' id='word_1_113' title='bbox 20 1647 187 1730; x_wconf 73' lang='grc' dir='ltr'><strong><em>Ἰταλίας,</em></strong></span> <span class='ocrx_word' id='word_1_114' title='bbox 202 1650 257 1710; x_wconf 78' lang='grc' dir='ltr'><strong><em>καί</em></strong></span> <span class='ocrx_word' id='word_1_115' title='bbox 267 1644 329 1710; x_wconf 84' lang='grc' dir='ltr'><strong><em>α’πύ</em></strong></span> <span class='ocrx_word' id='word_1_116' title='bbox 344 1644 475 1730; x_wconf 72' lang='grc' dir='ltr'><strong><em>Κρήτης</em></strong></span> <span class='ocrx_word' id='word_1_117' title='bbox 488 1641 624 1728; x_wconf 82' lang='grc' dir='ltr'><strong><em>στρατὸν</em></strong></span> <span class='ocrx_word' id='word_1_118' title='bbox 638 1637 744 1724; x_wconf 72' lang='grc' dir='ltr'><strong><em>ἄλλον,</em></strong></span> <span class='ocrx_word' id='word_1_119' title='bbox 765 1645 910 1727; x_wconf 77' lang='grc' dir='ltr'><strong><em>μεγάλως</em></strong></span> <span class='ocrx_word' id='word_1_120' title='bbox 923 1644 1130 1731; x_wconf 74' lang='grc' dir='ltr'><strong><em>παρασκευά-</em></strong></span> 
     </span>
     <span class='ocr_line' id='line_1_15' title="bbox 28 1741 1233 1833; baseline 0.003 -20"><span class='ocrx_word' id='word_1_121' title='bbox 28 1753 160 1814; x_wconf 75' lang='grc' dir='ltr'><strong><em>σασθαι</em></strong></span> <span class='ocrx_word' id='word_1_122' title='bbox 182 1743 300 1820; x_wconf 81' lang='grc' dir='ltr'><strong><em>αύτούς</em></strong></span> <span class='ocrx_word' id='word_1_123' title='bbox 311 1747 343 1820; x_wconf 85' lang='grc' dir='ltr'>ύς</span> <span class='ocrx_word' id='word_1_124' title='bbox 358 1741 415 1830; x_wconf 76' lang='grc' dir='ltr'>τὴν</span> <span class='ocrx_word' id='word_1_125' title='bbox 427 1745 482 1826; x_wconf 85' lang='grc' dir='ltr'>τῆς</span> <span class='ocrx_word' id='word_1_126' title='bbox 494 1743 742 1827; x_wconf 81' lang='grc' dir='ltr'><strong><em>Πελοποννήσου</em></strong></span> <span class='ocrx_word' id='word_1_127' title='bbox 757 1745 991 1833; x_wconf 73' lang='grc' dir='ltr'><strong><em>καταστροφήν,</em></strong></span> <span class='ocrx_word' id='word_1_128' title='bbox 1013 1751 1129 1830; x_wconf 85' lang='grc' dir='ltr'><strong><em>πέμπει</em></strong></span> <span class='ocrx_word' id='word_1_129' title='bbox 1137 1764 1169 1817; x_wconf 85' lang='lat' dir='ltr'>v.</span> <span class='ocrx_word' id='word_1_130' title='bbox 1180 1764 1233 1817; x_wconf 79' lang='lat'>2³3</span> 
     </span>
     <span class='ocr_line' id='line_1_16' title="bbox 11 1841 1129 1932; baseline -0.002 -18"><span class='ocrx_word' id='word_1_131' title='bbox 11 1845 266 1930; x_wconf 65' lang='grc' dir='ltr'><strong><em>’,Μαχοομούτη</em></strong></span> <span class='ocrx_word' id='word_1_132' title='bbox 298 1842 588 1928; x_wconf 78' lang='grc' dir='ltr'><strong><em>σομπαραλοβύντοι</em></strong></span> <span class='ocrx_word' id='word_1_133' title='bbox 625 1841 679 1909; x_wconf 86' lang='grc' dir='ltr'>τύν</span> <span class='ocrx_word' id='word_1_134' title='bbox 717 1847 774 1928; x_wconf 83' lang='grc' dir='ltr'>τῆς</span> <span class='ocrx_word' id='word_1_135' title='bbox 800 1845 958 1928; x_wconf 81' lang='grc' dir='ltr'><strong><em>Εύραύπης</em></strong></span> <span class='ocrx_word' id='word_1_136' title='bbox 987 1846 1129 1932; x_wconf 82' lang='grc' dir='ltr'><strong><em>στρατόν,</em></strong></span> 
     </span>
     <span class='ocr_line' id='line_1_17' title="bbox 30 1943 1128 2032; baseline 0.002 -20"><span class='ocrx_word' id='word_1_137' title='bbox 30 1947 117 2032; x_wconf 74' lang='grc' dir='ltr'><strong><em>πλην</em></strong></span> <span class='ocrx_word' id='word_1_138' title='bbox 154 1949 217 2011; x_wconf 69' lang='grc' dir='ltr'><strong><em>τοῖν</em></strong></span> <span class='ocrx_word' id='word_1_139' title='bbox 253 1943 331 2030; x_wconf 84' lang='grc' dir='ltr'><strong><em>πρὸς</em></strong></span> <span class='ocrx_word' id='word_1_140' title='bbox 368 1946 444 2020; x_wconf 88' lang='grc' dir='ltr'><strong><em>τούς</em></strong></span> <span class='ocrx_word' id='word_1_141' title='bbox 466 1947 613 2019; x_wconf 73' lang='grc' dir='ltr'><strong><em>Παίονας</em></strong></span> <span class='ocrx_word' id='word_1_142' title='bbox 641 1948 851 2030; x_wconf 83' lang='grc' dir='ltr'><strong><em>τεταγμένων,</em></strong></span> <span class='ocrx_word' id='word_1_143' title='bbox 880 1947 1026 2012; x_wconf 76' lang='grc' dir='ltr'><strong><em>ἐλαύνειν</em></strong></span> <span class='ocrx_word' id='word_1_144' title='bbox 1045 1949 1128 2014; x_wconf 74' lang='grc' dir='ltr'><strong><em>εύδύ</em></strong></span> 
     </span>
     <span class='ocr_line' id='line_1_18' title="bbox 31 2037 1131 2134; baseline -0.002 -20"><span class='ocrx_word' id='word_1_145' title='bbox 31 2045 296 2130; x_wconf 75' lang='grc' dir='ltr'><strong><em>Πελοποννήσου,</em></strong></span> <span class='ocrx_word' id='word_1_146' title='bbox 317 2047 372 2110; x_wconf 79' lang='grc' dir='ltr'><strong><em>καί</em></strong></span> <span class='ocrx_word' id='word_1_147' title='bbox 393 2047 425 2110; x_wconf 81' lang='grc' dir='ltr'>εἰ</span> <span class='ocrx_word' id='word_1_148' title='bbox 442 2047 503 2127; x_wconf 80' lang='grc' dir='ltr'>μέν</span> <span class='ocrx_word' id='word_1_149' title='bbox 521 2068 552 2110; x_wconf 87' lang='grc' dir='ltr'>τι</span> <span class='ocrx_word' id='word_1_150' title='bbox 581 2041 680 2120; x_wconf 87' lang='grc' dir='ltr'><strong><em>αύτύς</em></strong></span> <span class='ocrx_word' id='word_1_151' title='bbox 702 2037 767 2118; x_wconf 84' lang='grc' dir='ltr'><strong><em>οἷος</em></strong></span> <span class='ocrx_word' id='word_1_152' title='bbox 789 2041 906 2112; x_wconf 85' lang='grc' dir='ltr'><strong><em>ύνύσαι</em></strong></span> <span class='ocrx_word' id='word_1_153' title='bbox 924 2049 958 2123; x_wconf 87' lang='grc' dir='ltr'>ἐς</span> <span class='ocrx_word' id='word_1_154' title='bbox 976 2047 1031 2112; x_wconf 89' lang='grc' dir='ltr'>τύν</span> <span class='ocrx_word' id='word_1_155' title='bbox 1051 2047 1131 2134; x_wconf 85' lang='grc' dir='ltr'><strong><em>πρύς</em></strong></span> 
     </span>
     <span class='ocr_line' id='line_1_19' title="bbox 34 2143 1132 2231; baseline 0.002 -17"><span class='ocrx_word' id='word_1_156' title='bbox 34 2143 215 2219; x_wconf 83' lang='grc' dir='ltr'><strong><em>Ουένττούς</em></strong></span> <span class='ocrx_word' id='word_1_157' title='bbox 250 2144 403 2231; x_wconf 79' lang='grc' dir='ltr'><strong><em>πόλεμον,</em></strong></span> <span class='ocrx_word' id='word_1_158' title='bbox 423 2149 569 2209; x_wconf 75' lang='grc' dir='ltr'><strong><em>καθελεῖν</em></strong></span> <span class='ocrx_word' id='word_1_159' title='bbox 591 2167 625 2208; x_wconf 86' lang='grc' dir='ltr'>τε</span> <span class='ocrx_word' id='word_1_160' title='bbox 657 2143 714 2208; x_wconf 89' lang='grc' dir='ltr'>τύν</span> <span class='ocrx_word' id='word_1_161' title='bbox 737 2143 873 2226; x_wconf 80' lang='grc' dir='ltr'><strong><em>Ἰσθμόν</em></strong></span> <span class='ocrx_word' id='word_1_162' title='bbox 900 2147 956 2213; x_wconf 85' lang='grc' dir='ltr'><strong><em>καέ</em></strong></span> <span class='ocrx_word' id='word_1_163' title='bbox 985 2152 1132 2231; x_wconf 77' lang='grc' dir='ltr'><strong><em>ἐσβαλεῖν</em></strong></span> 
     </span>
     <span class='ocr_line' id='line_1_20' title="bbox 31 2239 1132 2348; baseline 0.005 -40"><span class='ocrx_word' id='word_1_164' title='bbox 31 2243 103 2328; x_wconf 80' lang='grc' dir='ltr'><strong><em>ἅμα</em></strong></span> <span class='ocrx_word' id='word_1_165' title='bbox 122 2247 156 2322; x_wconf 81' lang='grc' dir='ltr'>ἐς</span> <span class='ocrx_word' id='word_1_166' title='bbox 177 2243 234 2328; x_wconf 72' lang='grc' dir='ltr'>τήν</span> <span class='ocrx_word' id='word_1_167' title='bbox 253 2241 513 2326; x_wconf 82' lang='grc' dir='ltr'><strong><em>Πελοπόννησον,</em></strong></span> <span class='ocrx_word' id='word_1_168' title='bbox 535 2243 566 2308; x_wconf 83' lang='grc' dir='ltr'>εἶ</span> <span class='ocrx_word' id='word_1_169' title='bbox 595 2243 631 2307; x_wconf 83' lang='grc' dir='ltr'>δέ</span> <span class='ocrx_word' id='word_1_170' title='bbox 649 2239 717 2329; x_wconf 79' lang='grc' dir='ltr'>μή,</span> <span class='ocrx_word' id='word_1_171' title='bbox 735 2245 792 2310; x_wconf 74' lang='grc' dir='ltr'><strong><em>κατ’</em></strong></span> <span class='ocrx_word' id='word_1_172' title='bbox 808 2246 896 2333; x_wconf 72' lang='grc' dir='ltr'><strong><em>αύτῷ</em></strong></span> <span class='ocrx_word' id='word_1_173' title='bbox 916 2249 1132 2348; x_wconf 59' lang='grc' dir='ltr'><strong><em>(ἐπαγγέλλειν,</em></strong></span> 
     </span>
     <span class='ocr_line' id='line_1_21' title="bbox 11 2338 1157 2432; baseline -0.007 -22"><span class='ocrx_word' id='word_1_174' title='bbox 11 2341 118 2416; x_wconf 69' lang='grc' dir='ltr'><strong><em>ούύστε</em></strong></span> <span class='ocrx_word' id='word_1_175' title='bbox 138 2343 219 2410; x_wconf 74' lang='lat' dir='ltr'>uesci</span> <span class='ocrx_word' id='word_1_176' title='bbox 238 2343 336 2418; x_wconf 82' lang='grc' dir='ltr'><strong><em>πόδας</em></strong></span> <span class='ocrx_word' id='word_1_177' title='bbox 357 2341 513 2408; x_wconf 82' lang='grc' dir='ltr'><strong><em>ἐλαύνειν.</em></strong></span> <span class='ocrx_word' id='word_1_178' title='bbox 564 2338 580 2406; x_wconf 83' lang='lat' dir='ltr'>d</span> <span class='ocrx_word' id='word_1_179' title='bbox 602 2346 661 2422; x_wconf 85' lang='grc' dir='ltr'>μὲν</span> <span class='ocrx_word' id='word_1_180' title='bbox 681 2344 743 2409; x_wconf 76' lang='grc' dir='ltr'><strong><em>ταῖν</em></strong></span> <span class='ocrx_word' id='word_1_181' title='bbox 769 2349 881 2432; x_wconf 77' lang='grc' dir='ltr'><strong><em>δυροῖν</em></strong></span> <span class='ocrx_word' id='word_1_182' title='bbox 902 2345 1029 2431; x_wconf 80' lang='grc' dir='ltr'><strong><em>ἧγεμιύν</em></strong></span> <span class='ocrx_word' id='word_1_183' title='bbox 1050 2355 1157 2416; x_wconf 66' lang='grc' dir='ltr'><strong><em>Νέας</em></strong></span> 
     </span>
     <span class='ocr_line' id='line_1_22' title="bbox 33 2441 1129 2532; baseline 0 -22"><span class='ocrx_word' id='word_1_184' title='bbox 33 2444 217 2529; x_wconf 85' lang='grc' dir='ltr'><strong><em>χοομούτης</em></strong></span> <span class='ocrx_word' id='word_1_185' title='bbox 237 2442 433 2528; x_wconf 70' lang='grc' dir='ltr'><strong><em>παραλαβών</em></strong></span> <span class='ocrx_word' id='word_1_186' title='bbox 454 2444 510 2508; x_wconf 87' lang='grc' dir='ltr'>τὸν</span> <span class='ocrx_word' id='word_1_187' title='bbox 538 2443 596 2527; x_wconf 82' lang='grc' dir='ltr'>τῆς</span> <span class='ocrx_word' id='word_1_188' title='bbox 617 2443 775 2528; x_wconf 76' lang='grc' dir='ltr'><strong><em>Εύρούπης</em></strong></span> <span class='ocrx_word' id='word_1_189' title='bbox 798 2443 932 2530; x_wconf 88' lang='grc' dir='ltr'><strong><em>οτρατύν</em></strong></span> <span class='ocrx_word' id='word_1_190' title='bbox 951 2441 1050 2532; x_wconf 78' lang='grc' dir='ltr'><strong><em>ἤλασε</em></strong></span> <span class='ocrx_word' id='word_1_191' title='bbox 1072 2455 1129 2531; x_wconf 86' lang='grc' dir='ltr'>μέ.</span> 
     </span>
    </p>
   </div>
   <div class='ocr_carea' id='block_1_3' title="bbox 108 2595 778 2668">
    <p class='ocr_par' dir='ltr' id='par_1_4' title="bbox 108 2595 778 2668">
     <span class='ocr_line' id='line_1_23' title="bbox 108 2595 778 2668; baseline 0.006 -15"><span class='ocrx_word' id='word_1_192' title='bbox 108 2601 134 2653; x_wconf 75' lang='lat' dir='ltr'>d.</span> <span class='ocrx_word' id='word_1_193' title='bbox 157 2595 272 2660; x_wconf 76' lang='grc' dir='ltr'><strong><em>ἀπιέναι</em></strong></span> <span class='ocrx_word' id='word_1_194' title='bbox 291 2603 311 2656; x_wconf 82' lang='lat' dir='ltr'>P</span> <span class='ocrx_word' id='word_1_195' title='bbox 400 2603 442 2654; x_wconf 78' lang='lat'>12.</span> <span class='ocrx_word' id='word_1_196' title='bbox 460 2601 550 2668; x_wconf 74' lang='lat' dir='ltr'>rn‘oes?</span> <span class='ocrx_word' id='word_1_197' title='bbox 637 2601 679 2659; x_wconf 84' lang='lat'>17.</span> <span class='ocrx_word' id='word_1_198' title='bbox 694 2621 738 2658; x_wconf 87' lang='grc' dir='ltr'>τοι</span> <span class='ocrx_word' id='word_1_199' title='bbox 759 2605 778 2657; x_wconf 82' lang='grc' dir='ltr'>Ρ</span> 
     </span>
    </p>
   </div>
   <div class='ocr_carea' id='block_1_4' title="bbox 11 2763 1131 4266">
    <p class='ocr_par' dir='ltr' id='par_1_5' title="bbox 41 2763 1131 3475">
     <span class='ocr_line' id='line_1_24' title="bbox 41 2763 1129 2830; baseline 0.012 -12"><span class='ocrx_word' id='word_1_200' title='bbox 41 2768 122 2818; x_wconf 88' lang='lat' dir='ltr'>situm</span> <span class='ocrx_word' id='word_1_201' title='bbox 140 2773 197 2817; x_wconf 81' lang='lat' dir='ltr'>erat</span> <span class='ocrx_word' id='word_1_202' title='bbox 217 2763 251 2816; x_wconf 80' lang='lat' dir='ltr'>ab</span> <span class='ocrx_word' id='word_1_203' title='bbox 268 2765 365 2816; x_wconf 84' lang='lat' dir='ltr'>iuvene</span> <span class='ocrx_word' id='word_1_204' title='bbox 386 2763 488 2818; x_wconf 85' lang='lat' dir='ltr'>Graeco</span> <span class='ocrx_word' id='word_1_205' title='bbox 505 2765 617 2816; x_wconf 86' lang='lat' dir='ltr'>nomino</span> <span class='ocrx_word' id='word_1_206' title='bbox 634 2763 735 2817; x_wconf 83' lang='lat' dir='ltr'>Gritze.</span> <span class='ocrx_word' id='word_1_207' title='bbox 753 2764 865 2820; x_wconf 86' lang='lat' dir='ltr'>Venetis</span> <span class='ocrx_word' id='word_1_208' title='bbox 882 2770 935 2822; x_wconf 81' lang='lat' dir='ltr'>iam</span> <span class='ocrx_word' id='word_1_209' title='bbox 953 2775 1040 2828; x_wconf 86' lang='lat' dir='ltr'>omnis</span> <span class='ocrx_word' id='word_1_210' title='bbox 1054 2793 1129 2830; x_wconf 77' lang='lat' dir='ltr'>mora</span> 
     </span>
     <span class='ocr_line' id='line_1_25' title="bbox 41 2835 1130 2910; baseline 0.012 -22"><span class='ocrx_word' id='word_1_211' title='bbox 41 2836 69 2888; x_wconf 89' lang='lat' dir='ltr'>in</span> <span class='ocrx_word' id='word_1_212' title='bbox 92 2835 192 2888; x_wconf 85' lang='lat' dir='ltr'>isthmo</span> <span class='ocrx_word' id='word_1_213' title='bbox 215 2835 387 2888; x_wconf 73' lang='lat' dir='ltr'>intoleranda</span> <span class='ocrx_word' id='word_1_214' title='bbox 407 2845 475 2900; x_wconf 80' lang='lat' dir='ltr'>erat,</span> <span class='ocrx_word' id='word_1_215' title='bbox 492 2851 552 2886; x_wconf 89' lang='lat' dir='ltr'>cum</span> <span class='ocrx_word' id='word_1_216' title='bbox 572 2835 695 2888; x_wconf 81' lang='lat' dir='ltr'>riderent</span> <span class='ocrx_word' id='word_1_217' title='bbox 714 2853 743 2889; x_wconf 87' lang='lat' dir='ltr'>se</span> <span class='ocrx_word' id='word_1_218' title='bbox 760 2839 939 2910; x_wconf 76' lang='lat' dir='ltr'>nequicquam</span> <span class='ocrx_word' id='word_1_219' title='bbox 957 2845 1079 2900; x_wconf 83' lang='lat' dir='ltr'>laborare</span> <span class='ocrx_word' id='word_1_220' title='bbox 1098 2858 1130 2902; x_wconf 91' lang='lat' dir='ltr'>ut</span> 
     </span>
     <span class='ocr_line' id='line_1_26' title="bbox 42 2907 1128 2988; baseline 0.01 -27"><span class='ocrx_word' id='word_1_221' title='bbox 42 2910 240 2976; x_wconf 69' lang='lat' dir='ltr'>Peloponnesus</span> <span class='ocrx_word' id='word_1_222' title='bbox 268 2907 452 2958; x_wconf 89' lang='lat' dir='ltr'>subiiceretnr.</span> <span class='ocrx_word' id='word_1_223' title='bbox 510 2907 687 2958; x_wconf 74' lang='lat' dir='ltr'><strong>nuntiabatur</strong></span> <span class='ocrx_word' id='word_1_224' title='bbox 711 2909 815 2960; x_wconf 79' lang='lat' dir='ltr'>interea</span> <span class='ocrx_word' id='word_1_225' title='bbox 840 2911 1022 2970; x_wconf 81' lang='lat' dir='ltr'>Machumetes</span> <span class='ocrx_word' id='word_1_226' title='bbox 1042 2921 1128 2988; x_wconf 81' lang='lat' dir='ltr'>regins</span> 
     </span>
     <span class='ocr_line' id='line_1_27' title="bbox 43 2977 1129 3060; baseline 0.011 -30"><span class='ocrx_word' id='word_1_227' title='bbox 43 2981 201 3050; x_wconf 80' lang='lat' dir='ltr'>praefectos,</span> <span class='ocrx_word' id='word_1_228' title='bbox 218 2979 320 3046; x_wconf 76' lang='lat' dir='ltr'>mugnis</span> <span class='ocrx_word' id='word_1_229' title='bbox 349 2977 434 3045; x_wconf 85' lang='lat' dir='ltr'>copiis</span> <span class='ocrx_word' id='word_1_230' title='bbox 456 2977 603 3046; x_wconf 87' lang='lat' dir='ltr'>instructus</span> <span class='ocrx_word' id='word_1_231' title='bbox 633 2979 662 3029; x_wconf 90' lang='lat' dir='ltr'>in</span> <span class='ocrx_word' id='word_1_232' title='bbox 683 2978 812 3030; x_wconf 86' lang='lat' dir='ltr'>isthmum</span> <span class='ocrx_word' id='word_1_233' title='bbox 829 2985 1004 3050; x_wconf 75' lang='lat' dir='ltr'>contendere,</span> <span class='ocrx_word' id='word_1_234' title='bbox 1025 2992 1129 3060; x_wconf 78' lang='lat' dir='ltr'>spirens</span> 
     </span>
     <span class='ocr_line' id='line_1_28' title="bbox 45 3048 1131 3118; baseline 0.003 -17"><span class='ocrx_word' id='word_1_235' title='bbox 45 3049 137 3101; x_wconf 84' lang='lat' dir='ltr'>caedes</span> <span class='ocrx_word' id='word_1_236' title='bbox 156 3048 329 3100; x_wconf 77' lang='lat' dir='ltr'>Venetorum.</span> <span class='ocrx_word' id='word_1_237' title='bbox 375 3049 454 3100; x_wconf 85' lang='lat' dir='ltr'>etiam</span> <span class='ocrx_word' id='word_1_238' title='bbox 486 3049 556 3100; x_wconf 77' lang='lat' dir='ltr'>inme</span> <span class='ocrx_word' id='word_1_239' title='bbox 585 3049 723 3101; x_wconf 83' lang='lat' dir='ltr'>serebatur</span> <span class='ocrx_word' id='word_1_240' title='bbox 745 3067 832 3118; x_wconf 80' lang='lat' dir='ltr'>regem</span> <span class='ocrx_word' id='word_1_241' title='bbox 850 3071 909 3107; x_wconf 87' lang='lat' dir='ltr'>cum</span> <span class='ocrx_word' id='word_1_242' title='bbox 930 3060 1048 3111; x_wconf 81' lang='lat' dir='ltr'>exercitu</span> <span class='ocrx_word' id='word_1_243' title='bbox 1068 3063 1131 3114; x_wconf 83' lang='lat' dir='ltr'>Ma.</span> 
     </span>
     <span class='ocr_line' id='line_1_29' title="bbox 46 3117 1130 3204; baseline 0.013 -33"><span class='ocrx_word' id='word_1_244' title='bbox 46 3122 209 3184; x_wconf 86' lang='lat' dir='ltr'>chumetem,</span> <span class='ocrx_word' id='word_1_245' title='bbox 228 3127 258 3172; x_wconf 92' lang='lat' dir='ltr'>ut</span> <span class='ocrx_word' id='word_1_246' title='bbox 279 3119 304 3172; x_wconf 89' lang='lat' dir='ltr'>ei</span> <span class='ocrx_word' id='word_1_247' title='bbox 326 3117 446 3170; x_wconf 89' lang='lat' dir='ltr'>subsidio</span> <span class='ocrx_word' id='word_1_248' title='bbox 464 3121 557 3171; x_wconf 77' lang='lat' dir='ltr'>venire</span> <span class='ocrx_word' id='word_1_249' title='bbox 576 3129 685 3190; x_wconf 84' lang='lat' dir='ltr'>posset,</span> <span class='ocrx_word' id='word_1_250' title='bbox 706 3121 727 3171; x_wconf 85' lang='lat' dir='ltr'>si</span> <span class='ocrx_word' id='word_1_251' title='bbox 747 3137 786 3172; x_wconf 90' lang='lat' dir='ltr'>res</span> <span class='ocrx_word' id='word_1_252' title='bbox 808 3128 970 3194; x_wconf 73' lang='lat' dir='ltr'>postularet,</span> <span class='ocrx_word' id='word_1_253' title='bbox 990 3131 1130 3204; x_wconf 87' lang='lat' dir='ltr'>subsequi.</span> 
     </span>
     <span class='ocr_line' id='line_1_30' title="bbox 46 3191 1130 3273; baseline 0 -29"><span class='ocrx_word' id='word_1_254' title='bbox 46 3193 219 3244; x_wconf 85' lang='lat' dir='ltr'>decreverunt</span> <span class='ocrx_word' id='word_1_255' title='bbox 237 3193 329 3262; x_wconf 87' lang='lat' dir='ltr'>itaque</span> <span class='ocrx_word' id='word_1_256' title='bbox 350 3205 444 3260; x_wconf 78' lang='lat' dir='ltr'>magno</span> <span class='ocrx_word' id='word_1_257' title='bbox 464 3207 594 3242; x_wconf 88' lang='lat' dir='ltr'>consensu</span> <span class='ocrx_word' id='word_1_258' title='bbox 617 3191 746 3244; x_wconf 82' lang='lat' dir='ltr'>isthmum</span> <span class='ocrx_word' id='word_1_259' title='bbox 766 3191 899 3262; x_wconf 85' lang='lat' dir='ltr'>deserere,</span> <span class='ocrx_word' id='word_1_260' title='bbox 924 3207 954 3252; x_wconf 89' lang='lat' dir='ltr'>ut</span> <span class='ocrx_word' id='word_1_261' title='bbox 972 3203 1048 3254; x_wconf 86' lang='lat' dir='ltr'>cuius</span> <span class='ocrx_word' id='word_1_262' title='bbox 1066 3221 1130 3273; x_wconf 61' lang='lat' dir='ltr'>par.</span> 
     </span>
     <span class='ocr_line' id='line_1_31' title="bbox 46 3263 1130 3332; baseline 0.012 -16"><span class='ocrx_word' id='word_1_263' title='bbox 46 3281 92 3316; x_wconf 88' lang='lat' dir='ltr'>vus</span> <span class='ocrx_word' id='word_1_264' title='bbox 113 3265 141 3314; x_wconf 90' lang='lat' dir='ltr'>in</span> <span class='ocrx_word' id='word_1_265' title='bbox 166 3263 376 3332; x_wconf 74' lang='lat' dir='ltr'>praesentiarum</span> <span class='ocrx_word' id='word_1_266' title='bbox 403 3270 473 3314; x_wconf 86' lang='lat' dir='ltr'>esset</span> <span class='ocrx_word' id='word_1_267' title='bbox 494 3279 567 3314; x_wconf 80' lang='lat' dir='ltr'>usus.</span> <span class='ocrx_word' id='word_1_268' title='bbox 611 3263 721 3332; x_wconf 83' lang='lat' dir='ltr'>digressi</span> <span class='ocrx_word' id='word_1_269' title='bbox 750 3263 850 3317; x_wconf 86' lang='lat' dir='ltr'>Isthmo</span> <span class='ocrx_word' id='word_1_270' title='bbox 881 3271 1083 3327; x_wconf 81' lang='lat' dir='ltr'>contendebant</span> <span class='ocrx_word' id='word_1_271' title='bbox 1101 3277 1130 3330; x_wconf 87' lang='lat' dir='ltr'>in</span> 
     </span>
     <span class='ocr_line' id='line_1_32' title="bbox 48 3332 1130 3411; baseline 0.012 -25"><span class='ocrx_word' id='word_1_272' title='bbox 48 3337 133 3398; x_wconf 90' lang='lat' dir='ltr'>urbes,</span> <span class='ocrx_word' id='word_1_273' title='bbox 153 3349 218 3404; x_wconf 87' lang='lat' dir='ltr'>quas</span> <span class='ocrx_word' id='word_1_274' title='bbox 236 3332 375 3403; x_wconf 81' lang='lat' dir='ltr'>praesidiis</span> <span class='ocrx_word' id='word_1_275' title='bbox 394 3335 619 3404; x_wconf 82' lang='lat' dir='ltr'>munimentisque</span> <span class='ocrx_word' id='word_1_276' title='bbox 638 3335 699 3386; x_wconf 85' lang='lat' dir='ltr'>aliis</span> <span class='ocrx_word' id='word_1_277' title='bbox 717 3335 867 3400; x_wconf 86' lang='lat' dir='ltr'>firmabant,</span> <span class='ocrx_word' id='word_1_278' title='bbox 884 3349 914 3391; x_wconf 92' lang='lat' dir='ltr'>nt</span> <span class='ocrx_word' id='word_1_279' title='bbox 932 3344 1001 3411; x_wconf 80' lang='lat' dir='ltr'>regis</span> <span class='ocrx_word' id='word_1_280' title='bbox 1020 3353 1049 3397; x_wconf 92' lang='lat' dir='ltr'>et</span> <span class='ocrx_word' id='word_1_281' title='bbox 1070 3345 1130 3399; x_wconf 83' lang='lat' dir='ltr'>Ma-</span> 
     </span>
     <span class='ocr_line' id='line_1_33' title="bbox 48 3402 795 3475; baseline -0.005 -17"><span class='ocrx_word' id='word_1_282' title='bbox 48 3407 171 3458; x_wconf 84' lang='lat' dir='ltr'>chametis</span> <span class='ocrx_word' id='word_1_283' title='bbox 191 3406 253 3467; x_wconf 80' lang='lat' dir='ltr'>viru,</span> <span class='ocrx_word' id='word_1_284' title='bbox 271 3406 294 3456; x_wconf 87' lang='lat' dir='ltr'>si</span> <span class='ocrx_word' id='word_1_285' title='bbox 313 3402 480 3468; x_wconf 78' lang='lat' dir='ltr'>accederent,</span> <span class='ocrx_word' id='word_1_286' title='bbox 499 3407 657 3475; x_wconf 68' lang='lat' dir='ltr'>propulsare</span> <span class='ocrx_word' id='word_1_287' title='bbox 676 3415 795 3474; x_wconf 79' lang='lat' dir='ltr'>possent.</span> 
     </span>
    </p>

    <p class='ocr_par' dir='ltr' id='par_1_6' title="bbox 50 3475 1130 4191">
     <span class='ocr_line' id='line_1_34' title="bbox 114 3475 1130 3544; baseline 0.01 -16"><span class='ocrx_word' id='word_1_288' title='bbox 114 3479 164 3528; x_wconf 81' lang='lat' dir='ltr'>Res</span> <span class='ocrx_word' id='word_1_289' title='bbox 183 3477 230 3526; x_wconf 92' lang='lat' dir='ltr'>ubi</span> <span class='ocrx_word' id='word_1_290' title='bbox 251 3475 376 3544; x_wconf 79' lang='lat' dir='ltr'>cognorit</span> <span class='ocrx_word' id='word_1_291' title='bbox 401 3475 519 3528; x_wconf 80' lang='lat' dir='ltr'>Venetos</span> <span class='ocrx_word' id='word_1_292' title='bbox 543 3492 619 3527; x_wconf 84' lang='lat' dir='ltr'>muro</span> <span class='ocrx_word' id='word_1_293' title='bbox 646 3477 850 3529; x_wconf 84' lang='lat' dir='ltr'>circumvenisse</span> <span class='ocrx_word' id='word_1_294' title='bbox 875 3477 1004 3533; x_wconf 86' lang='lat' dir='ltr'>isthmum</span> <span class='ocrx_word' id='word_1_295' title='bbox 1035 3491 1063 3536; x_wconf 89' lang='lat' dir='ltr'>et</span> <span class='ocrx_word' id='word_1_296' title='bbox 1079 3486 1130 3538; x_wconf 86' lang='lat' dir='ltr'>im-</span> 
     </span>
     <span class='ocr_line' id='line_1_35' title="bbox 50 3547 1129 3618; baseline 0.011 -22"><span class='ocrx_word' id='word_1_297' title='bbox 50 3550 131 3617; x_wconf 85' lang='lat' dir='ltr'>ptesse</span> <span class='ocrx_word' id='word_1_298' title='bbox 149 3549 269 3599; x_wconf 86' lang='lat' dir='ltr'>triremes</span> <span class='ocrx_word' id='word_1_299' title='bbox 288 3547 464 3618; x_wconf 79' lang='lat' dir='ltr'>quadraginta</span> <span class='ocrx_word' id='word_1_300' title='bbox 484 3555 513 3598; x_wconf 81' lang='lat' dir='ltr'>et</span> <span class='ocrx_word' id='word_1_301' title='bbox 532 3563 613 3598; x_wconf 81' lang='lat' dir='ltr'>neves</span> <span class='ocrx_word' id='word_1_302' title='bbox 626 3547 692 3599; x_wconf 85' lang='lat' dir='ltr'>altas</span> <span class='ocrx_word' id='word_1_303' title='bbox 711 3547 860 3610; x_wconf 85' lang='lat' dir='ltr'>duodecim,</span> <span class='ocrx_word' id='word_1_304' title='bbox 881 3561 1019 3618; x_wconf 76' lang='lat' dir='ltr'>praetereo</span> <span class='ocrx_word' id='word_1_305' title='bbox 1040 3571 1129 3608; x_wconf 79' lang='lat' dir='ltr'>erme-</span> 
     </span>
     <span class='ocr_line' id='line_1_36' title="bbox 51 3617 1130 3692; baseline 0.009 -22"><span class='ocrx_word' id='word_1_306' title='bbox 51 3629 89 3670; x_wconf 88' lang='lat' dir='ltr'>tos</span> <span class='ocrx_word' id='word_1_307' title='bbox 108 3617 355 3686; x_wconf 60' lang='lat' dir='ltr'>ltaioandduxisse</span> <span class='ocrx_word' id='word_1_308' title='bbox 380 3627 408 3670; x_wconf 92' lang='lat' dir='ltr'>et</span> <span class='ocrx_word' id='word_1_309' title='bbox 437 3617 472 3669; x_wconf 81' lang='lat' dir='ltr'>nb</span> <span class='ocrx_word' id='word_1_310' title='bbox 491 3617 569 3669; x_wconf 85' lang='lat' dir='ltr'>Creta</span> <span class='ocrx_word' id='word_1_311' title='bbox 593 3619 675 3668; x_wconf 79' lang='lat' dir='ltr'>stium</span> <span class='ocrx_word' id='word_1_312' title='bbox 694 3621 859 3683; x_wconf 88' lang='lat' dir='ltr'>exercitum,</span> <span class='ocrx_word' id='word_1_313' title='bbox 887 3623 986 3692; x_wconf 89' lang='lat' dir='ltr'>quibus</span> <span class='ocrx_word' id='word_1_314' title='bbox 1005 3629 1130 3682; x_wconf 85' lang='lat' dir='ltr'>omuibus</span> 
     </span>
     <span class='ocr_line' id='line_1_37' title="bbox 51 3689 1130 3768; baseline 0.008 -25"><span class='ocrx_word' id='word_1_315' title='bbox 51 3692 108 3744; x_wconf 80' lang='lat' dir='ltr'>freti</span> <span class='ocrx_word' id='word_1_316' title='bbox 125 3689 151 3741; x_wconf 91' lang='lat' dir='ltr'>id</span> <span class='ocrx_word' id='word_1_317' title='bbox 170 3689 276 3740; x_wconf 82' lang='lat' dir='ltr'>rrnicnm</span> <span class='ocrx_word' id='word_1_318' title='bbox 296 3697 448 3758; x_wconf 84' lang='lat' dir='ltr'>spectarent</span> <span class='ocrx_word' id='word_1_319' title='bbox 468 3691 720 3758; x_wconf 85' lang='lat' dir='ltr'>utPeiopounesurn</span> <span class='ocrx_word' id='word_1_320' title='bbox 740 3689 906 3758; x_wconf 80' lang='lat' dir='ltr'>subigerent,</span> <span class='ocrx_word' id='word_1_321' title='bbox 924 3692 997 3746; x_wconf 91' lang='lat' dir='ltr'>haud</span> <span class='ocrx_word' id='word_1_322' title='bbox 1015 3699 1130 3768; x_wconf 88' lang='lat' dir='ltr'>arnpiius</span> 
     </span>
     <span class='ocr_line' id='line_1_38' title="bbox 50 3759 1129 3835; baseline 0.009 -22"><span class='ocrx_word' id='word_1_323' title='bbox 50 3759 220 3814; x_wconf 87' lang='lat' dir='ltr'>cunctandum</span> <span class='ocrx_word' id='word_1_324' title='bbox 251 3769 324 3811; x_wconf 88' lang='lat' dir='ltr'>ratus</span> <span class='ocrx_word' id='word_1_325' title='bbox 352 3759 547 3812; x_wconf 83' lang='lat' dir='ltr'>Machurnetern</span> <span class='ocrx_word' id='word_1_326' title='bbox 575 3761 655 3812; x_wconf 79' lang='lat' dir='ltr'>iussit</span> <span class='ocrx_word' id='word_1_327' title='bbox 680 3761 801 3832; x_wconf 83' lang='lat' dir='ltr'>accipere</span> <span class='ocrx_word' id='word_1_328' title='bbox 825 3763 947 3833; x_wconf 84' lang='lat' dir='ltr'>Europae¹</span> <span class='ocrx_word' id='word_1_329' title='bbox 972 3771 1129 3835; x_wconf 82' lang='lat' dir='ltr'>exercitum,</span> 
     </span>
     <span class='ocr_line' id='line_1_39' title="bbox 50 3831 1130 3904; baseline 0.009 -21"><span class='ocrx_word' id='word_1_330' title='bbox 50 3841 151 3904; x_wconf 87' lang='lat' dir='ltr'>praeter</span> <span class='ocrx_word' id='word_1_331' title='bbox 166 3849 226 3882; x_wconf 83' lang='lat' dir='ltr'>enm</span> <span class='ocrx_word' id='word_1_332' title='bbox 244 3833 291 3902; x_wconf 88' lang='lat' dir='ltr'>qni</span> <span class='ocrx_word' id='word_1_333' title='bbox 310 3831 480 3882; x_wconf 73' lang='lat' dir='ltr'>pannonibus</span> <span class='ocrx_word' id='word_1_334' title='bbox 501 3833 641 3902; x_wconf 87' lang='lat' dir='ltr'>oppositus</span> <span class='ocrx_word' id='word_1_335' title='bbox 662 3841 726 3894; x_wconf 90' lang='lat' dir='ltr'>erat,</span> <span class='ocrx_word' id='word_1_336' title='bbox 747 3841 776 3884; x_wconf 89' lang='lat' dir='ltr'>et</span> <span class='ocrx_word' id='word_1_337' title='bbox 794 3842 863 3884; x_wconf 88' lang='lat' dir='ltr'>recta</span> <span class='ocrx_word' id='word_1_338' title='bbox 884 3837 1017 3904; x_wconf 80' lang='lat' dir='ltr'>proticisci</span> <span class='ocrx_word' id='word_1_339' title='bbox 1038 3841 1066 3893; x_wconf 86' lang='lat' dir='ltr'>in</span> <span class='ocrx_word' id='word_1_340' title='bbox 1082 3841 1130 3894; x_wconf 86' lang='lat' dir='ltr'>Pe·</span> 
     </span>
     <span class='ocr_line' id='line_1_40' title="bbox 53 3903 1129 3974; baseline 0.004 -19"><span class='ocrx_word' id='word_1_341' title='bbox 53 3905 229 3973; x_wconf 82' lang='lat' dir='ltr'>loponnesum.</span> <span class='ocrx_word' id='word_1_342' title='bbox 267 3910 404 3972; x_wconf 77' lang='lat' dir='ltr'>praeterea</span> <span class='ocrx_word' id='word_1_343' title='bbox 424 3903 546 3972; x_wconf 78' lang='lat' dir='ltr'>imperet,</span> <span class='ocrx_word' id='word_1_344' title='bbox 564 3903 587 3954; x_wconf 85' lang='lat' dir='ltr'>si</span> <span class='ocrx_word' id='word_1_345' title='bbox 606 3903 672 3974; x_wconf 89' lang='lat' dir='ltr'>qnid</span> <span class='ocrx_word' id='word_1_346' title='bbox 690 3911 782 3974; x_wconf 86' lang='lat' dir='ltr'>posset</span> <span class='ocrx_word' id='word_1_347' title='bbox 801 3905 905 3957; x_wconf 85' lang='lat' dir='ltr'>edicere</span> <span class='ocrx_word' id='word_1_348' title='bbox 923 3907 951 3959; x_wconf 90' lang='lat' dir='ltr'>in</span> <span class='ocrx_word' id='word_1_349' title='bbox 972 3909 1045 3962; x_wconf 88' lang='lat' dir='ltr'>bello</span> <span class='ocrx_word' id='word_1_350' title='bbox 1064 3930 1129 3964; x_wconf 89' lang='lat' dir='ltr'>con.</span> 
     </span>
     <span class='ocr_line' id='line_1_41' title="bbox 53 3973 1128 4050; baseline 0.007 -23"><span class='ocrx_word' id='word_1_351' title='bbox 53 3985 90 4028; x_wconf 92' lang='lat' dir='ltr'>tra</span> <span class='ocrx_word' id='word_1_352' title='bbox 107 3975 229 4038; x_wconf 83' lang='lat' dir='ltr'>Venetos,</span> <span class='ocrx_word' id='word_1_353' title='bbox 253 3975 401 4026; x_wconf 88' lang='lat' dir='ltr'>eniteretur</span> <span class='ocrx_word' id='word_1_354' title='bbox 426 3973 565 4025; x_wconf 85' lang='lat' dir='ltr'>destruere</span> <span class='ocrx_word' id='word_1_355' title='bbox 584 3975 713 4025; x_wconf 87' lang='lat' dir='ltr'>Isthmum</span> <span class='ocrx_word' id='word_1_356' title='bbox 741 3983 769 4026; x_wconf 92' lang='lat' dir='ltr'>et</span> <span class='ocrx_word' id='word_1_357' title='bbox 787 3974 886 4027; x_wconf 89' lang='lat' dir='ltr'>deinde</span> <span class='ocrx_word' id='word_1_358' title='bbox 905 3979 1080 4050; x_wconf 87' lang='lat' dir='ltr'>irruptionem</span> <span class='ocrx_word' id='word_1_359' title='bbox 1099 3985 1128 4036; x_wconf 88' lang='lat' dir='ltr'>in</span> 
     </span>
     <span class='ocr_line' id='line_1_42' title="bbox 54 4044 1128 4116; baseline 0.007 -18"><span class='ocrx_word' id='word_1_360' title='bbox 54 4047 255 4116; x_wconf 81' lang='lat' dir='ltr'>Peloponnesum</span> <span class='ocrx_word' id='word_1_361' title='bbox 275 4045 373 4098; x_wconf 83' lang='lat' dir='ltr'>iacere.</span> <span class='ocrx_word' id='word_1_362' title='bbox 410 4044 508 4115; x_wconf 86' lang='lat' dir='ltr'>quodsi</span> <span class='ocrx_word' id='word_1_363' title='bbox 530 4044 596 4097; x_wconf 82' lang='lat' dir='ltr'>baec</span> <span class='ocrx_word' id='word_1_364' title='bbox 622 4061 715 4116; x_wconf 87' lang='lat' dir='ltr'>parurn</span> <span class='ocrx_word' id='word_1_365' title='bbox 734 4046 919 4115; x_wconf 79' lang='lat' dir='ltr'>procederent,</span> <span class='ocrx_word' id='word_1_366' title='bbox 938 4067 966 4102; x_wconf 87' lang='lat' dir='ltr'>se</span> <span class='ocrx_word' id='word_1_367' title='bbox 984 4062 1128 4105; x_wconf 88' lang='lat' dir='ltr'>succentu-</span> 
     </span>
     <span class='ocr_line' id='line_1_43' title="bbox 56 4115 1128 4191; baseline 0.004 -23"><span class='ocrx_word' id='word_1_368' title='bbox 56 4117 142 4168; x_wconf 74' lang='lat' dir='ltr'>riatum</span> <span class='ocrx_word' id='word_1_369' title='bbox 161 4119 234 4182; x_wconf 68' lang='lat' dir='ltr'>sore,</span> <span class='ocrx_word' id='word_1_370' title='bbox 254 4123 281 4167; x_wconf 90' lang='lat' dir='ltr'>et</span> <span class='ocrx_word' id='word_1_371' title='bbox 299 4117 320 4167; x_wconf 83' lang='lat' dir='ltr'>ei</span> <span class='ocrx_word' id='word_1_372' title='bbox 343 4115 409 4186; x_wconf 91' lang='lat' dir='ltr'>quid</span> <span class='ocrx_word' id='word_1_373' title='bbox 424 4117 605 4180; x_wconf 84' lang='lat' dir='ltr'>renuntiaret,</span> <span class='ocrx_word' id='word_1_374' title='bbox 619 4118 748 4168; x_wconf 85' lang='lat' dir='ltr'>contiuuo</span> <span class='ocrx_word' id='word_1_375' title='bbox 764 4119 792 4170; x_wconf 88' lang='lat' dir='ltr'>iu</span> <span class='ocrx_word' id='word_1_376' title='bbox 813 4119 908 4170; x_wconf 85' lang='lat' dir='ltr'>iisdem</span> <span class='ocrx_word' id='word_1_377' title='bbox 924 4124 1043 4191; x_wconf 77' lang='lat' dir='ltr'>vestigiis</span> <span class='ocrx_word' id='word_1_378' title='bbox 1063 4125 1128 4176; x_wconf 89' lang='lat' dir='ltr'>sub.</span> 
     </span>
    </p>

    <p class='ocr_par' dir='ltr' id='par_1_7' title="bbox 11 4185 1128 4266">
     <span class='ocr_line' id='line_1_44' title="bbox 11 4185 1128 4266; baseline 0.007 -26"><span class='ocrx_word' id='word_1_379' title='bbox 11 4255 12 4262; x_wconf 14' lang='grc' dir='ltr'><strong><em>η</em></strong></span> <span class='ocrx_word' id='word_1_380' title='bbox 56 4195 204 4241; x_wconf 72' lang='lat' dir='ltr'>secuturum.</span> <span class='ocrx_word' id='word_1_381' title='bbox 241 4186 425 4240; x_wconf 75' lang='lat' dir='ltr'>idacbunretes</span> <span class='ocrx_word' id='word_1_382' title='bbox 443 4188 582 4240; x_wconf 86' lang='lat' dir='ltr'>ianuarum</span> <span class='ocrx_word' id='word_1_383' title='bbox 600 4185 653 4240; x_wconf 78' lang='lat' dir='ltr'>dns</span> <span class='ocrx_word' id='word_1_384' title='bbox 677 4205 737 4240; x_wconf 87' lang='lat' dir='ltr'>curn</span> <span class='ocrx_word' id='word_1_385' title='bbox 755 4189 878 4262; x_wconf 79' lang='lat' dir='ltr'>Europae</span> <span class='ocrx_word' id='word_1_386' title='bbox 896 4195 1015 4247; x_wconf 77' lang='lat' dir='ltr'>exercitu</span> <span class='ocrx_word' id='word_1_387' title='bbox 1033 4197 1128 4266; x_wconf 85' lang='lat' dir='ltr'>proie-</span> 
     </span>
    </p>
   </div>
   <div class='ocr_carea' id='block_1_5' title="bbox 0 0 1378 4616">
    <p class='ocr_par' dir='ltr' id='par_1_8' title="bbox 0 0 1378 4616">
     <span class='ocr_line' id='line_1_45' title="bbox 0 0 1378 4616; baseline 0 0"><span class='ocrx_word' id='word_1_388' title='bbox 0 0 1378 4616; x_wconf 95' lang='lat' dir='ltr'> </span> 
     </span>
    </p>
   </div>
  </div>
 </body>
</html>
