<?xml version="1.0" encoding="UTF-8"?>
<!DOCTYPE html PUBLIC "-//W3C//DTD XHTML 1.0 Transitional//EN"
    "http://www.w3.org/TR/xhtml1/DTD/xhtml1-transitional.dtd">
<html xmlns="http://www.w3.org/1999/xhtml" xml:lang="en" lang="en">
 <head>
  <title>
</title>
<meta http-equiv="Content-Type" content="text/html;charset=utf-8" />
  <meta name='ocr-system' content='tesseract 3.04.00' />
  <meta name='ocr-capabilities' content='ocr_page ocr_carea ocr_par ocr_line ocrx_word'/>
</head>
<body>
  <div class='ocr_page' id='page_1' title='image "./laonicichalcoco00chalgoog_0077.png"; bbox 0 0 2696 4626; ppageno 0'>
   <div class='ocr_carea' id='block_1_1' title="bbox 156 241 1017 319">
    <p class='ocr_par' dir='ltr' id='par_1_1' title="bbox 156 241 1017 319">
     <span class='ocr_line' id='line_1_1' title="bbox 156 241 1017 319; baseline 0.005 -5"><span class='ocrx_word' id='word_1_1' title='bbox 156 241 230 314; x_wconf 85' lang='grc'>’56</span> <span class='ocrx_word' id='word_1_2' title='bbox 436 251 605 319; x_wconf 75' lang='lat' dir='ltr'>LAONlCl</span> <span class='ocrx_word' id='word_1_3' title='bbox 631 251 1017 318; x_wconf 73' lang='lat' dir='ltr'>CHALCOCONDYLAE</span> 
     </span>
    </p>
   </div>
   <div class='ocr_carea' id='block_1_2' title="bbox 179 367 1280 689">
    <p class='ocr_par' dir='ltr' id='par_1_2' title="bbox 179 367 1280 689">
     <span class='ocr_line' id='line_1_2' title="bbox 181 367 1280 486; baseline -0.002 -22"><span class='ocrx_word' id='word_1_4' title='bbox 181 425 285 466; x_wconf 90' lang='grc' dir='ltr'><strong><em>τατα..</em></strong></span> <span class='ocrx_word' id='word_1_5' title='bbox 313 399 369 464; x_wconf 81' lang='grc' dir='ltr'>καί</span> <span class='ocrx_word' id='word_1_6' title='bbox 388 403 525 486; x_wconf 80' lang='grc' dir='ltr'><strong><em>τιμῆσαι</em></strong></span> <span class='ocrx_word' id='word_1_7' title='bbox 545 403 581 468; x_wconf 80' lang='grc' dir='ltr'>δὲ</span> <span class='ocrx_word' id='word_1_8' title='bbox 602 395 704 484; x_wconf 83' lang='grc' dir='ltr'><strong><em>άνδρα</em></strong></span> <span class='ocrx_word' id='word_1_9' title='bbox 725 403 857 468; x_wconf 75' lang='lat' dir='ltr'>isaurus</span> <span class='ocrx_word' id='word_1_10' title='bbox 871 403 926 468; x_wconf 90' lang='grc' dir='ltr'><strong><em>ιιαί</em></strong></span> <span class='ocrx_word' id='word_1_11' title='bbox 943 407 1126 485; x_wconf 69' lang='grc' dir='ltr'>προσειπεῖν</span> <span class='ocrx_word' id='word_1_12' title='bbox 1146 367 1280 482; x_wconf 74' lang='grc' dir='ltr'><strong><em>ἕτοιμά.</em></strong></span> 
     </span>
     <span class='ocr_line' id='line_1_3' title="bbox 181 497 1279 586; baseline -0.003 -20"><span class='ocrx_word' id='word_1_13' title='bbox 181 523 285 586; x_wconf 86' lang='grc' dir='ltr'><strong><em>τατος,</em></strong></span> <span class='ocrx_word' id='word_1_14' title='bbox 305 525 360 564; x_wconf 80' lang='grc' dir='ltr'>και</span> <span class='ocrx_word' id='word_1_15' title='bbox 377 499 452 578; x_wconf 76' lang='grc' dir='ltr'><strong><em>τινάς</em></strong></span> <span class='ocrx_word' id='word_1_16' title='bbox 472 503 544 582; x_wconf 83' lang='grc' dir='ltr'><strong><em>μεθ’</em></strong></span> <span class='ocrx_word' id='word_1_17' title='bbox 566 497 685 566; x_wconf 73' lang='grc' dir='ltr'><strong><em>ἑαυτοῦ</em></strong></span> <span class='ocrx_word' id='word_1_18' title='bbox 703 503 869 584; x_wconf 63' lang='lat' dir='ltr'>&amp;inspires</span> <span class='ocrx_word' id='word_1_19' title='bbox 891 501 937 576; x_wconf 83' lang='grc' dir='ltr'>είς</span> <span class='ocrx_word' id='word_1_20' title='bbox 955 497 1064 586; x_wconf 83' lang='grc' dir='ltr'><strong><em>μάχην</em></strong></span> <span class='ocrx_word' id='word_1_21' title='bbox 1085 499 1279 582; x_wconf 82' lang='grc' dir='ltr'><strong><em>δεινότατος,</em></strong></span> 
     </span>
     <span class='ocr_line' id='line_1_4' title="bbox 179 589 1280 689; baseline -0.002 -25"><span class='ocrx_word' id='word_1_22' title='bbox 179 602 323 689; x_wconf 77' lang='grc' dir='ltr'><strong><em>χρῆσθαι</em></strong></span> <span class='ocrx_word' id='word_1_23' title='bbox 343 607 408 676; x_wconf 80' lang='grc' dir='ltr'><strong><em>τοῖς</em></strong></span> <span class='ocrx_word' id='word_1_24' title='bbox 427 623 462 666; x_wconf 89' lang='grc' dir='ltr'>τε</span> <span class='ocrx_word' id='word_1_25' title='bbox 483 599 648 682; x_wconf 78' lang='grc' dir='ltr'><strong><em>πράγμασι</em></strong></span> <span class='ocrx_word' id='word_1_26' title='bbox 669 597 770 677; x_wconf 81' lang='grc' dir='ltr'><strong><em>δεινάς</em></strong></span> <span class='ocrx_word' id='word_1_27' title='bbox 799 597 968 688; x_wconf 73' lang='grc' dir='ltr'><strong><em>άπανταχῇ</em></strong></span> <span class='ocrx_word' id='word_1_28' title='bbox 990 598 1153 682; x_wconf 77' lang='grc' dir='ltr'><strong><em>γενόμενος</em></strong></span> <span class='ocrx_word' id='word_1_29' title='bbox 1173 591 1237 682; x_wconf 66' lang='grc' dir='ltr'>ἦν,</span> <span class='ocrx_word' id='word_1_30' title='bbox 1258 589 1280 684; x_wconf 78' lang='grc' dir='ltr'>ᾗ</span> 
     </span>
    </p>
   </div>
   <div class='ocr_carea' id='block_1_3' title="bbox 105 695 1330 2684">
    <p class='ocr_par' dir='ltr' id='par_1_3' title="bbox 105 695 1330 2684">
     <span class='ocr_line' id='line_1_5' title="bbox 182 695 1279 788; baseline -0.002 -24"><span class='ocrx_word' id='word_1_31' title='bbox 182 698 301 788; x_wconf 78' lang='grc' dir='ltr'><strong><em>φασίν,</em></strong></span> <span class='ocrx_word' id='word_1_32' title='bbox 329 695 423 764; x_wconf 84' lang='grc' dir='ltr'><strong><em>δπάτε</em></strong></span> <span class='ocrx_word' id='word_1_33' title='bbox 444 699 525 767; x_wconf 75' lang='lat' dir='ltr'>iussu</span> <span class='ocrx_word' id='word_1_34' title='bbox 545 703 600 766; x_wconf 73' lang='lat' dir='ltr'>ias*</span> <span class='ocrx_word' id='word_1_35' title='bbox 617 696 744 784; x_wconf 81' lang='grc' dir='ltr'><strong><em>μάχην,</em></strong></span> <span class='ocrx_word' id='word_1_36' title='bbox 761 701 887 784; x_wconf 83' lang='grc' dir='ltr'><strong><em>χαρίεις</em></strong></span> <span class='ocrx_word' id='word_1_37' title='bbox 909 723 944 766; x_wconf 88' lang='grc' dir='ltr'>τε</span> <span class='ocrx_word' id='word_1_38' title='bbox 967 701 1046 766; x_wconf 80' lang='grc' dir='ltr'>ἰδεῖν</span> <span class='ocrx_word' id='word_1_39' title='bbox 1066 701 1122 765; x_wconf 82' lang='grc' dir='ltr'>καί</span> <span class='ocrx_word' id='word_1_40' title='bbox 1139 701 1279 766; x_wconf 74' lang='grc' dir='ltr'><strong><em>ἐπιεικί-</em></strong></span> 
     </span>
     <span class='ocr_line' id='line_1_6' title="bbox 181 793 1305 884; baseline -0.003 -19"><span class='ocrx_word' id='word_1_41' title='bbox 181 822 294 876; x_wconf 86' lang='grc' dir='ltr'><strong><em>στατσς</em></strong></span> <span class='ocrx_word' id='word_1_42' title='bbox 313 801 359 875; x_wconf 83' lang='grc' dir='ltr'>είς</span> <span class='ocrx_word' id='word_1_43' title='bbox 379 797 413 864; x_wconf 88' lang='grc' dir='ltr'>τά</span> <span class='ocrx_word' id='word_1_44' title='bbox 437 801 651 884; x_wconf 75' lang='grc' dir='ltr'><strong><em>διαλέγεσθαι.</em></strong></span> <span class='ocrx_word' id='word_1_45' title='bbox 695 801 751 864; x_wconf 81' lang='grc' dir='ltr'>καί</span> <span class='ocrx_word' id='word_1_46' title='bbox 770 797 825 864; x_wconf 85' lang='grc' dir='ltr'>τὸν</span> <span class='ocrx_word' id='word_1_47' title='bbox 847 801 906 880; x_wconf 82' lang='grc' dir='ltr'>μὲν</span> <span class='ocrx_word' id='word_1_48' title='bbox 928 797 1035 864; x_wconf 80' lang='grc' dir='ltr'><strong><em>δτιοῦν</em></strong></span> <span class='ocrx_word' id='word_1_49' title='bbox 1055 793 1305 882; x_wconf 73' lang='grc' dir='ltr'><strong><em>άξαμαρτάνταό</em></strong></span> 
     </span>
     <span class='ocr_line' id='line_1_7' title="bbox 182 895 1279 986; baseline -0.002 -22"><span class='ocrx_word' id='word_1_50' title='bbox 182 895 366 984; x_wconf 76' lang='grc' dir='ltr'><strong><em>ἐτιμωρεῖτο</em></strong></span> <span class='ocrx_word' id='word_1_51' title='bbox 395 901 626 986; x_wconf 81' lang='grc' dir='ltr'><strong><em>α’φειδίστατα,</em></strong></span> <span class='ocrx_word' id='word_1_52' title='bbox 656 897 710 964; x_wconf 78' lang='lat' dir='ltr'>sui</span> <span class='ocrx_word' id='word_1_53' title='bbox 736 901 1022 982; x_wconf 71' lang='grc' dir='ltr'>προσδιαλέγεσθαι</span> <span class='ocrx_word' id='word_1_54' title='bbox 1051 896 1279 982; x_wconf 85' lang='grc' dir='ltr'><strong><em>μετριάτατος.</em></strong></span> 
     </span>
     <span class='ocr_line' id='line_1_8' title="bbox 182 993 1280 1084; baseline -0.007 -20"><span class='ocrx_word' id='word_1_55' title='bbox 182 995 341 1080; x_wconf 74' lang='grc' dir='ltr'>ἐμπεδοῦν</span> <span class='ocrx_word' id='word_1_56' title='bbox 369 1002 494 1083; x_wconf 74' lang='grc' dir='ltr'><strong><em>λέγεται</em></strong></span> <span class='ocrx_word' id='word_1_57' title='bbox 514 997 571 1065; x_wconf 85' lang='grc' dir='ltr'>τάν</span> <span class='ocrx_word' id='word_1_58' title='bbox 600 993 695 1084; x_wconf 82' lang='grc' dir='ltr'><strong><em>άριιον</em></strong></span> <span class='ocrx_word' id='word_1_59' title='bbox 713 997 817 1064; x_wconf 73' lang='grc' dir='ltr'><strong><em>αὐτοῦ</em></strong></span> <span class='ocrx_word' id='word_1_60' title='bbox 839 997 979 1080; x_wconf 89' lang='grc' dir='ltr'><strong><em>μάλιστα</em></strong></span> <span class='ocrx_word' id='word_1_61' title='bbox 999 995 1039 1082; x_wconf 77' lang='grc' dir='ltr'>δὴ</span> <span class='ocrx_word' id='word_1_62' title='bbox 1062 997 1125 1061; x_wconf 80' lang='grc' dir='ltr'>τάν</span> <span class='ocrx_word' id='word_1_63' title='bbox 1144 999 1205 1062; x_wconf 75' lang='grc' dir='ltr'>τοῦ</span> <span class='ocrx_word' id='word_1_64' title='bbox 1224 1000 1280 1080; x_wconf 81' lang='lat' dir='ltr'>ye&#39;.</span> 
     </span>
     <span class='ocr_line' id='line_1_9' title="bbox 184 1091 1281 1190; baseline -0.002 -26"><span class='ocrx_word' id='word_1_65' title='bbox 184 1121 259 1174; x_wconf 83' lang='grc' dir='ltr'><strong><em>νονς</em></strong></span> <span class='ocrx_word' id='word_1_66' title='bbox 291 1095 406 1165; x_wconf 76' lang='grc' dir='ltr'><strong><em>τούτου</em></strong></span> <span class='ocrx_word' id='word_1_67' title='bbox 434 1103 617 1190; x_wconf 81' lang='grc' dir='ltr'>βασιλίσιν.Ι</span> <span class='ocrx_word' id='word_1_68' title='bbox 651 1102 706 1164; x_wconf 83' lang='grc' dir='ltr'>ναί</span> <span class='ocrx_word' id='word_1_69' title='bbox 727 1099 862 1176; x_wconf 85' lang='grc' dir='ltr'><strong><em>πολλοάς</em></strong></span> <span class='ocrx_word' id='word_1_70' title='bbox 890 1095 944 1164; x_wconf 87' lang='grc' dir='ltr'><strong><em>διά</em></strong></span> <span class='ocrx_word' id='word_1_71' title='bbox 969 1100 1072 1164; x_wconf 79' lang='grc' dir='ltr'><strong><em>ταῦτα</em></strong></span> <span class='ocrx_word' id='word_1_72' title='bbox 1091 1091 1207 1162; x_wconf 68' lang='lat' dir='ltr'>alren</span> <span class='ocrx_word' id='word_1_73' title='bbox 1230 1097 1281 1162; x_wconf 81' lang='grc' dir='ltr'>ἴε-</span> 
     </span>
     <span class='ocr_line' id='line_1_10' title="bbox 185 1193 1282 1284; baseline -0.004 -21"><span class='ocrx_word' id='word_1_74' title='bbox 185 1203 265 1263; x_wconf 87' lang='grc' dir='ltr'><strong><em>σθαι</em></strong></span> <span class='ocrx_word' id='word_1_75' title='bbox 286 1193 320 1274; x_wconf 72' lang='grc' dir='ltr'>ἐς</span> <span class='ocrx_word' id='word_1_76' title='bbox 341 1197 437 1266; x_wconf 73' lang='lat' dir='ltr'>estis</span> <span class='ocrx_word' id='word_1_77' title='bbox 465 1203 673 1284; x_wconf 71' lang='grc' dir='ltr'>θαρροῦντας,</span> <span class='ocrx_word' id='word_1_78' title='bbox 692 1199 769 1282; x_wconf 85' lang='grc' dir='ltr'>μηδ’</span> <span class='ocrx_word' id='word_1_79' title='bbox 795 1195 903 1262; x_wconf 69' lang='lat' dir='ltr'>trusis</span> <span class='ocrx_word' id='word_1_80' title='bbox 923 1199 1087 1273; x_wconf 77' lang='grc' dir='ltr'><strong><em>οἰομένους</em></strong></span> <span class='ocrx_word' id='word_1_81' title='bbox 1107 1199 1282 1264; x_wconf 86' lang='grc' dir='ltr'><strong><em>πείσεσθαι</em></strong></span> 
     </span>
     <span class='ocr_line' id='line_1_11' title="bbox 153 1291 1325 1384; baseline 0 -24"><span class='ocrx_word' id='word_1_82' title='bbox 153 1309 176 1361; x_wconf 87' lang='grc' dir='ltr'>Ι)</span> <span class='ocrx_word' id='word_1_83' title='bbox 186 1297 336 1379; x_wconf 79' lang='grc' dir='ltr'><strong><em>χαλεπόν,</em></strong></span> <span class='ocrx_word' id='word_1_84' title='bbox 356 1299 431 1382; x_wconf 88' lang='grc' dir='ltr'><strong><em>πρίν</em></strong></span> <span class='ocrx_word' id='word_1_85' title='bbox 451 1291 472 1382; x_wconf 79' lang='grc' dir='ltr'><em>ἢ</em></span> <span class='ocrx_word' id='word_1_86' title='bbox 494 1297 526 1374; x_wconf 76' lang='grc' dir='ltr'>ἒς</span> <span class='ocrx_word' id='word_1_87' title='bbox 546 1306 658 1384; x_wconf 82' lang='grc' dir='ltr'><strong><em>χεῖρας</em></strong></span> <span class='ocrx_word' id='word_1_88' title='bbox 678 1297 779 1363; x_wconf 70' lang='lat' dir='ltr'>arisai*</span> <span class='ocrx_word' id='word_1_89' title='bbox 798 1293 950 1374; x_wconf 74' lang='grc' dir='ltr'><strong><em>ἐλθόντας</em></strong></span> <span class='ocrx_word' id='word_1_90' title='bbox 971 1297 1198 1381; x_wconf 72' lang='grc' dir='ltr'><strong><em>διαπειρᾶσθαι</em></strong></span> <span class='ocrx_word' id='word_1_91' title='bbox 1218 1299 1280 1379; x_wconf 78' lang='grc' dir='ltr'>τῆς</span> <span class='ocrx_word' id='word_1_92' title='bbox 1290 1308 1325 1360; x_wconf 86' lang='lat'>10</span> 
     </span>
     <span class='ocr_line' id='line_1_12' title="bbox 186 1393 1281 1484; baseline 0 -24"><span class='ocrx_word' id='word_1_93' title='bbox 186 1397 351 1475; x_wconf 84' lang='grc' dir='ltr'><strong><em>δυνάμεως</em></strong></span> <span class='ocrx_word' id='word_1_94' title='bbox 379 1399 491 1462; x_wconf 78' lang='lat' dir='ltr'>usitari.</span> <span class='ocrx_word' id='word_1_95' title='bbox 541 1395 596 1462; x_wconf 87' lang='grc' dir='ltr'>ναί</span> <span class='ocrx_word' id='word_1_96' title='bbox 613 1393 665 1462; x_wconf 88' lang='grc' dir='ltr'>τάν</span> <span class='ocrx_word' id='word_1_97' title='bbox 685 1419 719 1480; x_wconf 82' lang='grc' dir='ltr'>γε</span> <span class='ocrx_word' id='word_1_98' title='bbox 748 1399 829 1482; x_wconf 80' lang='grc' dir='ltr'><strong><em>μίγα</em></strong></span> <span class='ocrx_word' id='word_1_99' title='bbox 863 1399 1042 1484; x_wconf 75' lang='grc' dir='ltr'><strong><em>φρονοῦντα</em></strong></span> <span class='ocrx_word' id='word_1_100' title='bbox 1061 1397 1115 1461; x_wconf 80' lang='grc' dir='ltr'>καί</span> <span class='ocrx_word' id='word_1_101' title='bbox 1132 1395 1281 1461; x_wconf 85' lang='grc' dir='ltr'><strong><em>αάθαδέ-</em></strong></span> 
     </span>
     <span class='ocr_line' id='line_1_13' title="bbox 185 1492 1281 1584; baseline -0.002 -22"><span class='ocrx_word' id='word_1_102' title='bbox 185 1519 298 1578; x_wconf 87' lang='grc' dir='ltr'><strong><em>στερον</em></strong></span> <span class='ocrx_word' id='word_1_103' title='bbox 317 1496 402 1584; x_wconf 70' lang='grc' dir='ltr'><strong><em>αὐτῷ</em></strong></span> <span class='ocrx_word' id='word_1_104' title='bbox 423 1499 681 1584; x_wconf 85' lang='grc' dir='ltr'><strong><em>προσφερόμενον</em></strong></span> <span class='ocrx_word' id='word_1_105' title='bbox 699 1499 761 1561; x_wconf 81' lang='grc' dir='ltr'>τάν</span> <span class='ocrx_word' id='word_1_106' title='bbox 780 1519 815 1579; x_wconf 79' lang='grc' dir='ltr'>γε</span> <span class='ocrx_word' id='word_1_107' title='bbox 836 1492 869 1572; x_wconf 74' lang='grc' dir='ltr'>ἐς</span> <span class='ocrx_word' id='word_1_108' title='bbox 887 1495 986 1561; x_wconf 71' lang='grc' dir='ltr'><strong><em>αὐτὸν</em></strong></span> <span class='ocrx_word' id='word_1_109' title='bbox 1004 1494 1110 1562; x_wconf 76' lang='grc' dir='ltr'><strong><em>ὁτιοῦν</em></strong></span> <span class='ocrx_word' id='word_1_110' title='bbox 1132 1501 1281 1580; x_wconf 86' lang='grc' dir='ltr'><strong><em>πεπλημ-</em></strong></span> 
     </span>
     <span class='ocr_line' id='line_1_14' title="bbox 185 1594 1281 1696; baseline 0.002 -36"><span class='ocrx_word' id='word_1_111' title='bbox 185 1597 365 1680; x_wconf 79' lang='grc' dir='ltr'><strong><em>μεληκάτων</em></strong></span> <span class='ocrx_word' id='word_1_112' title='bbox 385 1598 494 1682; x_wconf 82' lang='grc' dir='ltr'><strong><em>μηκέτι</em></strong></span> <span class='ocrx_word' id='word_1_113' title='bbox 514 1599 669 1680; x_wconf 80' lang='grc' dir='ltr'><strong><em>χαίροντα</em></strong></span> <span class='ocrx_word' id='word_1_114' title='bbox 688 1595 955 1662; x_wconf 77' lang='grc' dir='ltr'><strong><em>ἀπαλλάττεσθαι.</em></strong></span> <span class='ocrx_word' id='word_1_115' title='bbox 997 1594 1220 1696; x_wconf 61' lang='grc' dir='ltr'><strong><em>φοβοράταηον</em></strong></span> <span class='ocrx_word' id='word_1_116' title='bbox 1241 1597 1281 1662; x_wconf 80' lang='grc' dir='ltr'>δὲ</span> 
     </span>
     <span class='ocr_line' id='line_1_15' title="bbox 188 1691 1281 1784; baseline -0.003 -23"><span class='ocrx_word' id='word_1_117' title='bbox 188 1696 352 1780; x_wconf 76' lang='grc' dir='ltr'><strong><em>γενόμενον</em></strong></span> <span class='ocrx_word' id='word_1_118' title='bbox 382 1705 448 1771; x_wconf 83' lang='grc' dir='ltr'><strong><em>τοῖς</em></strong></span> <span class='ocrx_word' id='word_1_119' title='bbox 484 1693 540 1782; x_wconf 70' lang='grc' dir='ltr'>ὑφ’</span> <span class='ocrx_word' id='word_1_120' title='bbox 572 1695 660 1784; x_wconf 77' lang='grc' dir='ltr'><strong><em>αὑτῷ</em></strong></span> <span class='ocrx_word' id='word_1_121' title='bbox 691 1699 858 1782; x_wconf 80' lang='grc' dir='ltr'><strong><em>φιλεῖσθαι</em></strong></span> <span class='ocrx_word' id='word_1_122' title='bbox 889 1691 1088 1778; x_wconf 88' lang='grc' dir='ltr'><strong><em>μάλισταδή</em></strong></span> <span class='ocrx_word' id='word_1_123' title='bbox 1114 1691 1281 1777; x_wconf 76' lang='grc' dir='ltr'><strong><em>ἡγεμόνων</em></strong></span> 
     </span>
     <span class='ocr_line' id='line_1_16' title="bbox 187 1787 1326 1880; baseline 0 -20"><span class='ocrx_word' id='word_1_124' title='bbox 187 1793 377 1876; x_wconf 76' lang='grc' dir='ltr'><strong><em>άποθάμεθα</em></strong></span> <span class='ocrx_word' id='word_1_125' title='bbox 400 1794 505 1880; x_wconf 83' lang='grc' dir='ltr'><strong><em>αάτάν,</em></strong></span> <span class='ocrx_word' id='word_1_126' title='bbox 527 1791 606 1862; x_wconf 68' lang='lat' dir='ltr'>durs</span> <span class='ocrx_word' id='word_1_127' title='bbox 625 1799 708 1880; x_wconf 80' lang='grc' dir='ltr'>μηδὲ</span> <span class='ocrx_word' id='word_1_128' title='bbox 731 1799 832 1874; x_wconf 74' lang='grc' dir='ltr'><strong><em>κακῶς</em></strong></span> <span class='ocrx_word' id='word_1_129' title='bbox 852 1794 978 1864; x_wconf 80' lang='grc' dir='ltr'><strong><em>οἴεσθαι</em></strong></span> <span class='ocrx_word' id='word_1_130' title='bbox 999 1793 1043 1874; x_wconf 73' lang='grc' dir='ltr'>ὥς</span> <span class='ocrx_word' id='word_1_131' title='bbox 1063 1787 1101 1879; x_wconf 70' lang='grc' dir='ltr'>ἢν</span> <span class='ocrx_word' id='word_1_132' title='bbox 1119 1789 1174 1858; x_wconf 77' lang='grc' dir='ltr'><strong><em>ἐπί</em></strong></span> <span class='ocrx_word' id='word_1_133' title='bbox 1189 1795 1326 1860; x_wconf 77' lang='grc' dir='ltr'><strong><em>τάνδειδ</em></strong></span> 
     </span>
     <span class='ocr_line' id='line_1_17' title="bbox 189 1887 1283 1983; baseline 0 -24"><span class='ocrx_word' id='word_1_134' title='bbox 189 1889 245 1959; x_wconf 86' lang='grc' dir='ltr'>τάν</span> <span class='ocrx_word' id='word_1_135' title='bbox 271 1887 374 1978; x_wconf 87' lang='grc' dir='ltr'><strong><em>άνδρα</em></strong></span> <span class='ocrx_word' id='word_1_136' title='bbox 401 1891 607 1980; x_wconf 74' lang='grc' dir='ltr'><strong><em>ἐστρατεύετο</em></strong></span> <span class='ocrx_word' id='word_1_137' title='bbox 645 1893 824 1983; x_wconf 81' lang='grc' dir='ltr'><strong><em>Τεμὴρηςδ</em></strong></span> <span class='ocrx_word' id='word_1_138' title='bbox 848 1895 1018 1982; x_wconf 77' lang='grc' dir='ltr'><strong><em>βασιλεύς,</em></strong></span> <span class='ocrx_word' id='word_1_139' title='bbox 1047 1892 1091 1978; x_wconf 70' lang='grc' dir='ltr'>μὴ</span> <span class='ocrx_word' id='word_1_140' title='bbox 1120 1888 1160 1958; x_wconf 89' lang='grc' dir='ltr'>άν</span> <span class='ocrx_word' id='word_1_141' title='bbox 1192 1889 1283 1960; x_wconf 77' lang='grc' dir='ltr'><strong><em>οὕτω</em></strong></span> 
     </span>
     <span class='ocr_line' id='line_1_18' title="bbox 105 1989 1285 2080; baseline -0.005 -20"><span class='ocrx_word' id='word_1_142' title='bbox 105 1991 379 2080; x_wconf 70' lang='grc' dir='ltr'><strong><em>λλλδφαυλάτατα</em></strong></span> <span class='ocrx_word' id='word_1_143' title='bbox 411 1998 531 2062; x_wconf 71' lang='grc' dir='ltr'><strong><em>θέσθαι</em></strong></span> <span class='ocrx_word' id='word_1_144' title='bbox 559 1993 613 2062; x_wconf 81' lang='grc' dir='ltr'>τάν</span> <span class='ocrx_word' id='word_1_145' title='bbox 632 1996 787 2079; x_wconf 86' lang='grc' dir='ltr'><strong><em>πόλεμον,</em></strong></span> <span class='ocrx_word' id='word_1_146' title='bbox 811 1995 879 2061; x_wconf 87' lang='grc' dir='ltr'><strong><em>άλλ’</em></strong></span> <span class='ocrx_word' id='word_1_147' title='bbox 908 1989 1170 2080; x_wconf 69' lang='grc' dir='ltr'><strong><em>ἢμαχεσάμενον</em></strong></span> <span class='ocrx_word' id='word_1_148' title='bbox 1191 2015 1285 2076; x_wconf 86' lang='grc' dir='ltr'><strong><em>περι.</em></strong></span> 
     </span>
     <span class='ocr_line' id='line_1_19' title="bbox 130 2087 1285 2180; baseline 0 -24"><span class='ocrx_word' id='word_1_149' title='bbox 130 2147 140 2170; x_wconf 80' lang='grc'><strong><em>,</em></strong></span> <span class='ocrx_word' id='word_1_150' title='bbox 191 2095 301 2177; x_wconf 80' lang='grc' dir='ltr'><strong><em>φανῶς</em></strong></span> <span class='ocrx_word' id='word_1_151' title='bbox 318 2090 364 2176; x_wconf 79' lang='grc' dir='ltr'><em>μή</em></span> <span class='ocrx_word' id='word_1_152' title='bbox 385 2093 620 2176; x_wconf 81' lang='grc' dir='ltr'><strong><em>περιγενόμενον</em></strong></span> <span class='ocrx_word' id='word_1_153' title='bbox 642 2097 700 2160; x_wconf 78' lang='grc' dir='ltr'>τοῦ</span> <span class='ocrx_word' id='word_1_154' title='bbox 724 2097 875 2180; x_wconf 78' lang='grc' dir='ltr'><strong><em>Τεμήρεα</em></strong></span> <span class='ocrx_word' id='word_1_155' title='bbox 892 2091 938 2178; x_wconf 78' lang='grc' dir='ltr'>μὴ</span> <span class='ocrx_word' id='word_1_156' title='bbox 959 2097 1066 2176; x_wconf 69' lang='grc' dir='ltr'><strong><em>μέντοι</em></strong></span> <span class='ocrx_word' id='word_1_157' title='bbox 1085 2093 1168 2176; x_wconf 79' lang='grc' dir='ltr'>μηδὲ</span> <span class='ocrx_word' id='word_1_158' title='bbox 1187 2087 1285 2176; x_wconf 67' lang='lat' dir='ltr'>sistq-</span> 
     </span>
     <span class='ocr_line' id='line_1_20' title="bbox 115 2185 1286 2282; baseline 0.002 -24"><span class='ocrx_word' id='word_1_159' title='bbox 115 2203 186 2258; x_wconf 69' lang='grc' dir='ltr'>ΜΩ</span> <span class='ocrx_word' id='word_1_160' title='bbox 194 2195 302 2277; x_wconf 75' lang='grc' dir='ltr'><strong><em>θῆναι,</em></strong></span> <span class='ocrx_word' id='word_1_161' title='bbox 324 2189 459 2282; x_wconf 76' lang='grc' dir='ltr'>ἑλομένῳ</span> <span class='ocrx_word' id='word_1_162' title='bbox 488 2192 599 2278; x_wconf 84' lang='grc' dir='ltr'><strong><em>χάραν</em></strong></span> <span class='ocrx_word' id='word_1_163' title='bbox 618 2192 652 2270; x_wconf 75' lang='grc' dir='ltr'>ἐς</span> <span class='ocrx_word' id='word_1_164' title='bbox 682 2193 718 2260; x_wconf 87' lang='grc' dir='ltr'>τά</span> <span class='ocrx_word' id='word_1_165' title='bbox 740 2196 1003 2278; x_wconf 81' lang='grc' dir='ltr'><strong><em>διαμαχδσασθαι</em></strong></span> <span class='ocrx_word' id='word_1_166' title='bbox 1021 2197 1095 2258; x_wconf 70' lang='grc' dir='ltr'><strong><em>καθ’</em></strong></span> <span class='ocrx_word' id='word_1_167' title='bbox 1116 2188 1154 2276; x_wconf 69' lang='grc' dir='ltr'>ἢν</span> <span class='ocrx_word' id='word_1_168' title='bbox 1174 2185 1216 2260; x_wconf 78' lang='grc' dir='ltr'>άν</span> <span class='ocrx_word' id='word_1_169' title='bbox 1237 2191 1286 2274; x_wconf 76' lang='grc' dir='ltr'>μὴ</span> 
     </span>
     <span class='ocr_line' id='line_1_21' title="bbox 195 2285 1330 2382; baseline 0.001 -25"><span class='ocrx_word' id='word_1_170' title='bbox 195 2291 326 2376; x_wconf 78' lang='grc' dir='ltr'><strong><em>ἧττάντο</em></strong></span> <span class='ocrx_word' id='word_1_171' title='bbox 357 2289 496 2382; x_wconf 74' lang='grc' dir='ltr'><strong><em>ῥηιδίως,</em></strong></span> <span class='ocrx_word' id='word_1_172' title='bbox 516 2285 537 2378; x_wconf 75' lang='grc' dir='ltr'><em>ἢ</em></span> <span class='ocrx_word' id='word_1_173' title='bbox 557 2291 602 2378; x_wconf 80' lang='grc' dir='ltr'>μη“</span> <span class='ocrx_word' id='word_1_174' title='bbox 633 2293 856 2378; x_wconf 74' lang='grc' dir='ltr'><strong><em>μαχεσάμενον</em></strong></span> <span class='ocrx_word' id='word_1_175' title='bbox 876 2290 1001 2376; x_wconf 79' lang='grc' dir='ltr'><strong><em>μεγάλα</em></strong></span> <span class='ocrx_word' id='word_1_176' title='bbox 1022 2289 1062 2358; x_wconf 75' lang='lat' dir='ltr'>ds</span> <span class='ocrx_word' id='word_1_177' title='bbox 1079 2291 1207 2375; x_wconf 81' lang='grc' dir='ltr'><strong><em>βλάψαι</em></strong></span> <span class='ocrx_word' id='word_1_178' title='bbox 1227 2285 1330 2360; x_wconf 71' lang='lat' dir='ltr'>adsit</span> 
     </span>
     <span class='ocr_line' id='line_1_22' title="bbox 165 2389 1288 2480; baseline -0.002 -24"><span class='ocrx_word' id='word_1_179' title='bbox 165 2461 168 2468; x_wconf 60' lang='grc'><strong><em>,</em></strong></span> <span class='ocrx_word' id='word_1_180' title='bbox 199 2390 349 2476; x_wconf 81' lang='grc' dir='ltr'><strong><em>Τεμήρεοι</em></strong></span> <span class='ocrx_word' id='word_1_181' title='bbox 382 2396 538 2474; x_wconf 78' lang='grc' dir='ltr'><strong><em>βασιλέως</em></strong></span> <span class='ocrx_word' id='word_1_182' title='bbox 566 2394 701 2480; x_wconf 81' lang='grc' dir='ltr'><strong><em>στρατὸν</em></strong></span> <span class='ocrx_word' id='word_1_183' title='bbox 722 2391 899 2476; x_wconf 76' lang='grc' dir='ltr'><strong><em>ἔπιτάμενον</em></strong></span> <span class='ocrx_word' id='word_1_184' title='bbox 928 2393 1015 2480; x_wconf 72' lang='grc' dir='ltr'><strong><em>αὐτῷ</em></strong></span> <span class='ocrx_word' id='word_1_185' title='bbox 1036 2395 1090 2458; x_wconf 79' lang='grc' dir='ltr'>καί</span> <span class='ocrx_word' id='word_1_186' title='bbox 1106 2389 1288 2472; x_wconf 73' lang='grc' dir='ltr'><strong><em>ἐπιτιθέμε-</em></strong></span> 
     </span>
     <span class='ocr_line' id='line_1_23' title="bbox 197 2483 616 2582; baseline 0.005 -26"><span class='ocrx_word' id='word_1_187' title='bbox 197 2513 258 2576; x_wconf 88' lang='grc' dir='ltr'><strong><em>νον,</em></strong></span> <span class='ocrx_word' id='word_1_188' title='bbox 278 2483 299 2578; x_wconf 80' lang='grc' dir='ltr'><strong><em>ᾖ</em></strong></span> <span class='ocrx_word' id='word_1_189' title='bbox 318 2491 404 2582; x_wconf 74' lang='grc' dir='ltr'><strong><em>αάτρῖ</em></strong></span> <span class='ocrx_word' id='word_1_190' title='bbox 423 2497 616 2579; x_wconf 82' lang='grc' dir='ltr'><strong><em>προχωροίη.</em></strong></span> 
     </span>
     <span class='ocr_line' id='line_1_24' title="bbox 268 2626 596 2684; baseline 0.006 -4"><span class='ocrx_word' id='word_1_191' title='bbox 268 2626 381 2682; x_wconf 83' lang='lat' dir='ltr'>7.le</span> <span class='ocrx_word' id='word_1_192' title='bbox 473 2629 512 2680; x_wconf 65' lang='grc' dir='ltr'><strong><em>λλ.</em></strong></span> <span class='ocrx_word' id='word_1_193' title='bbox 530 2628 596 2684; x_wconf 76' lang='grc' dir='ltr'>δὲΡ</span> 
     </span>
    </p>
   </div>
   <div class='ocr_carea' id='block_1_4' title="bbox 199 2763 1301 4046">
    <p class='ocr_par' dir='ltr' id='par_1_4' title="bbox 199 2763 1301 4046">
     <span class='ocr_line' id='line_1_25' title="bbox 199 2763 1292 2839; baseline 0.002 -22"><span class='ocrx_word' id='word_1_194' title='bbox 199 2763 309 2817; x_wconf 87' lang='lat' dir='ltr'>iaudusn</span> <span class='ocrx_word' id='word_1_195' title='bbox 327 2765 412 2818; x_wconf 86' lang='lat' dir='ltr'>virum</span> <span class='ocrx_word' id='word_1_196' title='bbox 431 2767 590 2838; x_wconf 84' lang='lat' dir='ltr'>quamlibet.</span> <span class='ocrx_word' id='word_1_197' title='bbox 624 2769 740 2820; x_wconf 80' lang='lat' dir='ltr'>maxima</span> <span class='ocrx_word' id='word_1_198' title='bbox 760 2769 786 2820; x_wconf 83' lang='lat' dir='ltr'>si</span> <span class='ocrx_word' id='word_1_199' title='bbox 804 2767 941 2839; x_wconf 81' lang='lat' dir='ltr'>praeditus</span> <span class='ocrx_word' id='word_1_200' title='bbox 966 2768 1021 2821; x_wconf 82' lang='lat' dir='ltr'>luit</span> <span class='ocrx_word' id='word_1_201' title='bbox 1047 2767 1082 2819; x_wconf 88' lang='lat' dir='ltr'>ad</span> <span class='ocrx_word' id='word_1_202' title='bbox 1106 2765 1292 2819; x_wconf 83' lang='lat' dir='ltr'>cohortandos</span> 
     </span>
     <span class='ocr_line' id='line_1_26' title="bbox 200 2836 1291 2910; baseline 0.004 -24"><span class='ocrx_word' id='word_1_203' title='bbox 200 2836 318 2888; x_wconf 89' lang='lat' dir='ltr'>militum</span> <span class='ocrx_word' id='word_1_204' title='bbox 336 2837 449 2902; x_wconf 80' lang='lat' dir='ltr'>anirum,</span> <span class='ocrx_word' id='word_1_205' title='bbox 469 2841 491 2890; x_wconf 91' lang='lat' dir='ltr'>si</span> <span class='ocrx_word' id='word_1_206' title='bbox 512 2839 644 2910; x_wconf 84' lang='lat' dir='ltr'>praelium</span> <span class='ocrx_word' id='word_1_207' title='bbox 663 2837 812 2892; x_wconf 87' lang='lat' dir='ltr'>ineundum</span> <span class='ocrx_word' id='word_1_208' title='bbox 833 2839 929 2902; x_wconf 77' lang='lat' dir='ltr'>iuerat.</span> <span class='ocrx_word' id='word_1_209' title='bbox 970 2838 1085 2890; x_wconf 75' lang='lat' dir='ltr'>russinis</span> <span class='ocrx_word' id='word_1_210' title='bbox 1103 2845 1161 2890; x_wconf 83' lang='lat' dir='ltr'>erut</span> <span class='ocrx_word' id='word_1_211' title='bbox 1179 2837 1238 2890; x_wconf 87' lang='lat' dir='ltr'>eius</span> <span class='ocrx_word' id='word_1_212' title='bbox 1259 2839 1291 2890; x_wconf 90' lang='lat' dir='ltr'>in</span> 
     </span>
     <span class='ocr_line' id='line_1_27' title="bbox 202 2905 1292 2984; baseline 0.004 -26"><span class='ocrx_word' id='word_1_213' title='bbox 202 2905 281 2958; x_wconf 86' lang='lat' dir='ltr'>rebus</span> <span class='ocrx_word' id='word_1_214' title='bbox 299 2909 424 2976; x_wconf 74' lang='lat' dir='ltr'>gerendis</span> <span class='ocrx_word' id='word_1_215' title='bbox 446 2908 632 2974; x_wconf 73' lang='lat' dir='ltr'>vehementia,</span> <span class='ocrx_word' id='word_1_216' title='bbox 650 2911 719 2962; x_wconf 85' lang='lat' dir='ltr'>adeo</span> <span class='ocrx_word' id='word_1_217' title='bbox 738 2917 768 2984; x_wconf 82' lang='lat' dir='ltr'>ut</span> <span class='ocrx_word' id='word_1_218' title='bbox 789 2925 903 2980; x_wconf 84' lang='lat' dir='ltr'>semper,</span> <span class='ocrx_word' id='word_1_219' title='bbox 921 2907 1029 2982; x_wconf 84' lang='lat' dir='ltr'>quando</span> <span class='ocrx_word' id='word_1_220' title='bbox 1048 2925 1141 2982; x_wconf 83' lang='lat' dir='ltr'>manus</span> <span class='ocrx_word' id='word_1_221' title='bbox 1162 2923 1292 2962; x_wconf 84' lang='lat' dir='ltr'>consere-</span> 
     </span>
     <span class='ocr_line' id='line_1_28' title="bbox 203 2978 1291 3050; baseline 0.001 -21"><span class='ocrx_word' id='word_1_222' title='bbox 203 2987 304 3042; x_wconf 86' lang='lat' dir='ltr'>rentur,</span> <span class='ocrx_word' id='word_1_223' title='bbox 325 2978 427 3050; x_wconf 88' lang='lat' dir='ltr'>ubique</span> <span class='ocrx_word' id='word_1_224' title='bbox 447 2989 554 3050; x_wconf 87' lang='lat' dir='ltr'>praesto</span> <span class='ocrx_word' id='word_1_225' title='bbox 572 2990 653 3034; x_wconf 87' lang='lat' dir='ltr'>esset.</span> <span class='ocrx_word' id='word_1_226' title='bbox 689 2987 799 3050; x_wconf 86' lang='lat' dir='ltr'>aspectu</span> <span class='ocrx_word' id='word_1_227' title='bbox 827 2999 883 3034; x_wconf 88' lang='lat' dir='ltr'>nun</span> <span class='ocrx_word' id='word_1_228' title='bbox 910 2990 1110 3034; x_wconf 78' lang='lat' dir='ltr'>torvusserum</span> <span class='ocrx_word' id='word_1_229' title='bbox 1129 2980 1203 3031; x_wconf 87' lang='lat' dir='ltr'>mitis</span> <span class='ocrx_word' id='word_1_230' title='bbox 1220 2989 1291 3044; x_wconf 86' lang='lat' dir='ltr'>erat,</span> 
     </span>
     <span class='ocr_line' id='line_1_29' title="bbox 203 3049 1295 3120; baseline 0.002 -20"><span class='ocrx_word' id='word_1_231' title='bbox 203 3065 381 3118; x_wconf 71' lang='lat' dir='ltr'>sermoneque</span> <span class='ocrx_word' id='word_1_232' title='bbox 408 3050 604 3104; x_wconf 85' lang='lat' dir='ltr'>blandissimus.</span> <span class='ocrx_word' id='word_1_233' title='bbox 654 3051 777 3120; x_wconf 76' lang='lat' dir='ltr'>peccanti</span> <span class='ocrx_word' id='word_1_234' title='bbox 807 3052 911 3104; x_wconf 87' lang='lat' dir='ltr'>nullam</span> <span class='ocrx_word' id='word_1_235' title='bbox 938 3051 1096 3106; x_wconf 78' lang='lat' dir='ltr'>delictorum</span> <span class='ocrx_word' id='word_1_236' title='bbox 1121 3049 1295 3103; x_wconf 83' lang='lat' dir='ltr'>concedebat</span> 
     </span>
     <span class='ocr_line' id='line_1_30' title="bbox 203 3120 1296 3194; baseline 0.004 -24"><span class='ocrx_word' id='word_1_237' title='bbox 203 3120 410 3190; x_wconf 72' lang='lat' dir='ltr'>impunitatem,</span> <span class='ocrx_word' id='word_1_238' title='bbox 434 3139 528 3173; x_wconf 85' lang='lat' dir='ltr'>verum</span> <span class='ocrx_word' id='word_1_239' title='bbox 553 3140 614 3176; x_wconf 86' lang='lat' dir='ltr'>eum</span> <span class='ocrx_word' id='word_1_240' title='bbox 639 3124 742 3174; x_wconf 86' lang='lat' dir='ltr'>meritis</span> <span class='ocrx_word' id='word_1_241' title='bbox 760 3123 924 3176; x_wconf 82' lang='lat' dir='ltr'>subiiciebat</span> <span class='ocrx_word' id='word_1_242' title='bbox 942 3123 1046 3194; x_wconf 88' lang='lat' dir='ltr'>poeuis.</span> <span class='ocrx_word' id='word_1_243' title='bbox 1082 3123 1212 3174; x_wconf 83' lang='lat' dir='ltr'>sermonis</span> <span class='ocrx_word' id='word_1_244' title='bbox 1232 3130 1296 3174; x_wconf 84' lang='lat' dir='ltr'>erat</span> 
     </span>
     <span class='ocr_line' id='line_1_31' title="bbox 202 3190 1295 3264; baseline 0.005 -25"><span class='ocrx_word' id='word_1_245' title='bbox 202 3190 381 3260; x_wconf 67' lang='lat' dir='ltr'>parcissimus.</span> <span class='ocrx_word' id='word_1_246' title='bbox 425 3193 594 3246; x_wconf 79' lang='lat' dir='ltr'>confirmasse</span> <span class='ocrx_word' id='word_1_247' title='bbox 615 3193 700 3246; x_wconf 78' lang='lat' dir='ltr'>fertur</span> <span class='ocrx_word' id='word_1_248' title='bbox 717 3209 782 3263; x_wconf 82' lang='lat' dir='ltr'>prae</span> <span class='ocrx_word' id='word_1_249' title='bbox 799 3193 909 3264; x_wconf 87' lang='lat' dir='ltr'>reliquis</span> <span class='ocrx_word' id='word_1_250' title='bbox 925 3194 1029 3261; x_wconf 80' lang='lat' dir='ltr'>generis</span> <span class='ocrx_word' id='word_1_251' title='bbox 1048 3193 1088 3244; x_wconf 89' lang='lat' dir='ltr'>sui</span> <span class='ocrx_word' id='word_1_252' title='bbox 1111 3191 1217 3261; x_wconf 77' lang='lat' dir='ltr'>regibus</span> <span class='ocrx_word' id='word_1_253' title='bbox 1233 3192 1295 3244; x_wconf 87' lang='lat' dir='ltr'>ius-</span> 
     </span>
     <span class='ocr_line' id='line_1_32' title="bbox 204 3259 1296 3336; baseline 0.002 -24"><span class='ocrx_word' id='word_1_254' title='bbox 204 3259 358 3312; x_wconf 75' lang='lat' dir='ltr'>iurandum.</span> <span class='ocrx_word' id='word_1_255' title='bbox 402 3261 468 3316; x_wconf 83' lang='lat' dir='ltr'>hiuc</span> <span class='ocrx_word' id='word_1_256' title='bbox 484 3281 543 3316; x_wconf 86' lang='lat' dir='ltr'>cum</span> <span class='ocrx_word' id='word_1_257' title='bbox 564 3265 676 3336; x_wconf 87' lang='lat' dir='ltr'>plurimi</span> <span class='ocrx_word' id='word_1_258' title='bbox 695 3272 788 3316; x_wconf 84' lang='lat' dir='ltr'>contra</span> <span class='ocrx_word' id='word_1_259' title='bbox 815 3265 901 3334; x_wconf 87' lang='lat' dir='ltr'>ipsum</span> <span class='ocrx_word' id='word_1_260' title='bbox 919 3263 1094 3316; x_wconf 74' lang='lat' dir='ltr'>audacissime</span> <span class='ocrx_word' id='word_1_261' title='bbox 1112 3263 1296 3331; x_wconf 77' lang='lat' dir='ltr'>insurgerent,</span> 
     </span>
     <span class='ocr_line' id='line_1_33' title="bbox 206 3331 1297 3406; baseline 0.003 -22"><span class='ocrx_word' id='word_1_262' title='bbox 206 3331 372 3384; x_wconf 75' lang='lat' dir='ltr'>existimasse</span> <span class='ocrx_word' id='word_1_263' title='bbox 387 3334 457 3386; x_wconf 86' lang='lat' dir='ltr'>niisil</span> <span class='ocrx_word' id='word_1_264' title='bbox 469 3337 583 3405; x_wconf 79' lang='lat' dir='ltr'>periculi</span> <span class='ocrx_word' id='word_1_265' title='bbox 599 3343 771 3405; x_wconf 71' lang='lat' dir='ltr'>aecepturus3</span> <span class='ocrx_word' id='word_1_266' title='bbox 791 3334 866 3406; x_wconf 90' lang='lat' dir='ltr'>quod</span> <span class='ocrx_word' id='word_1_267' title='bbox 876 3343 966 3387; x_wconf 85' lang='lat' dir='ltr'>tamen</span> <span class='ocrx_word' id='word_1_268' title='bbox 979 3335 1087 3403; x_wconf 75' lang='lat' dir='ltr'>cognita</span> <span class='ocrx_word' id='word_1_269' title='bbox 1099 3334 1156 3386; x_wconf 85' lang='lat' dir='ltr'>eius</span> <span class='ocrx_word' id='word_1_270' title='bbox 1167 3336 1297 3404; x_wconf 87' lang='lat' dir='ltr'>petentia</span> 
     </span>
     <span class='ocr_line' id='line_1_34' title="bbox 206 3404 1298 3478; baseline 0.002 -24"><span class='ocrx_word' id='word_1_271' title='bbox 206 3418 283 3454; x_wconf 85' lang='lat' dir='ltr'>secus</span> <span class='ocrx_word' id='word_1_272' title='bbox 310 3404 414 3456; x_wconf 84' lang='lat' dir='ltr'>accidit.</span> <span class='ocrx_word' id='word_1_273' title='bbox 451 3422 512 3458; x_wconf 87' lang='lat' dir='ltr'>euru</span> <span class='ocrx_word' id='word_1_274' title='bbox 530 3409 578 3478; x_wconf 93' lang='lat' dir='ltr'>qui</span> <span class='ocrx_word' id='word_1_275' title='bbox 596 3423 626 3460; x_wconf 82' lang='lat' dir='ltr'>se</span> <span class='ocrx_word' id='word_1_276' title='bbox 646 3405 786 3476; x_wconf 72' lang='lat' dir='ltr'>magnifice</span> <span class='ocrx_word' id='word_1_277' title='bbox 812 3406 940 3460; x_wconf 81' lang='lat' dir='ltr'>efferebat</span> <span class='ocrx_word' id='word_1_278' title='bbox 959 3413 987 3458; x_wconf 86' lang='lat' dir='ltr'>et</span> <span class='ocrx_word' id='word_1_279' title='bbox 1009 3405 1045 3456; x_wconf 91' lang='lat' dir='ltr'>ob</span> <span class='ocrx_word' id='word_1_280' title='bbox 1063 3405 1092 3456; x_wconf 88' lang='lat' dir='ltr'>id</span> <span class='ocrx_word' id='word_1_281' title='bbox 1109 3405 1298 3457; x_wconf 85' lang='lat' dir='ltr'>eontumscius</span> 
     </span>
     <span class='ocr_line' id='line_1_35' title="bbox 209 3473 1299 3548; baseline 0.004 -24"><span class='ocrx_word' id='word_1_282' title='bbox 209 3473 355 3536; x_wconf 85' lang='lat' dir='ltr'>resisteret,</span> <span class='ocrx_word' id='word_1_283' title='bbox 374 3484 515 3545; x_wconf 86' lang='lat' dir='ltr'>praeterea</span> <span class='ocrx_word' id='word_1_284' title='bbox 534 3495 594 3531; x_wconf 89' lang='lat' dir='ltr'>euru</span> <span class='ocrx_word' id='word_1_285' title='bbox 609 3479 656 3548; x_wconf 89' lang='lat' dir='ltr'>qui</span> <span class='ocrx_word' id='word_1_286' title='bbox 668 3475 772 3548; x_wconf 81' lang='lat' dir='ltr'>aliquid</span> <span class='ocrx_word' id='word_1_287' title='bbox 785 3478 812 3528; x_wconf 92' lang='lat' dir='ltr'>iu</span> <span class='ocrx_word' id='word_1_288' title='bbox 830 3479 917 3548; x_wconf 89' lang='lat' dir='ltr'>ipsum</span> <span class='ocrx_word' id='word_1_289' title='bbox 932 3475 1100 3546; x_wconf 85' lang='lat' dir='ltr'>deliquisset,</span> <span class='ocrx_word' id='word_1_290' title='bbox 1120 3491 1299 3546; x_wconf 83' lang='lat' dir='ltr'>nequequam</span> 
     </span>
     <span class='ocr_line' id='line_1_36' title="bbox 208 3545 1300 3610; baseline 0.001 -15"><span class='ocrx_word' id='word_1_291' title='bbox 208 3545 313 3598; x_wconf 86' lang='lat' dir='ltr'>laetitia</span> <span class='ocrx_word' id='word_1_292' title='bbox 331 3545 435 3598; x_wconf 86' lang='lat' dir='ltr'>ebrium</span> <span class='ocrx_word' id='word_1_293' title='bbox 454 3547 566 3601; x_wconf 81' lang='lat' dir='ltr'>dimisit.</span> <span class='ocrx_word' id='word_1_294' title='bbox 601 3565 660 3600; x_wconf 84' lang='lat' dir='ltr'>cum</span> <span class='ocrx_word' id='word_1_295' title='bbox 681 3549 752 3601; x_wconf 87' lang='lat' dir='ltr'>ieret</span> <span class='ocrx_word' id='word_1_296' title='bbox 771 3549 826 3600; x_wconf 88' lang='lat' dir='ltr'>suis</span> <span class='ocrx_word' id='word_1_297' title='bbox 845 3549 888 3602; x_wconf 85' lang='lat' dir='ltr'>vel</span> <span class='ocrx_word' id='word_1_298' title='bbox 901 3549 1015 3600; x_wconf 75' lang='lat' dir='ltr'>maxime</span> <span class='ocrx_word' id='word_1_299' title='bbox 1033 3547 1203 3610; x_wconf 86' lang='lat' dir='ltr'>metuendus,</span> <span class='ocrx_word' id='word_1_300' title='bbox 1222 3555 1300 3599; x_wconf 87' lang='lat' dir='ltr'>atta.</span> 
     </span>
     <span class='ocr_line' id='line_1_37' title="bbox 208 3617 1299 3690; baseline 0.002 -23"><span class='ocrx_word' id='word_1_301' title='bbox 208 3625 391 3670; x_wconf 79' lang='lat' dir='ltr'>rusucurium</span> <span class='ocrx_word' id='word_1_302' title='bbox 411 3625 451 3672; x_wconf 89' lang='lat' dir='ltr'>est</span> <span class='ocrx_word' id='word_1_303' title='bbox 480 3635 541 3672; x_wconf 87' lang='lat' dir='ltr'>euru</span> <span class='ocrx_word' id='word_1_304' title='bbox 559 3619 621 3690; x_wconf 90' lang='lat' dir='ltr'>plus</span> <span class='ocrx_word' id='word_1_305' title='bbox 643 3619 740 3672; x_wconf 82' lang='lat' dir='ltr'>savaria</span> <span class='ocrx_word' id='word_1_306' title='bbox 767 3635 847 3690; x_wconf 80' lang='lat' dir='ltr'>quatu</span> <span class='ocrx_word' id='word_1_307' title='bbox 867 3619 985 3689; x_wconf 87' lang='lat' dir='ltr'>reliques</span> <span class='ocrx_word' id='word_1_308' title='bbox 1006 3617 1089 3670; x_wconf 80' lang='lat' dir='ltr'>duces</span> <span class='ocrx_word' id='word_1_309' title='bbox 1107 3633 1199 3670; x_wconf 84' lang='lat' dir='ltr'>omnes</span> <span class='ocrx_word' id='word_1_310' title='bbox 1221 3618 1299 3689; x_wconf 88' lang='lat' dir='ltr'>apud</span> 
     </span>
     <span class='ocr_line' id='line_1_38' title="bbox 211 3687 1301 3760; baseline 0.004 -24"><span class='ocrx_word' id='word_1_311' title='bbox 211 3704 272 3738; x_wconf 93' lang='lat' dir='ltr'>suos</span> <span class='ocrx_word' id='word_1_312' title='bbox 291 3687 449 3742; x_wconf 83' lang='lat' dir='ltr'>obtinuisse.</span> <span class='ocrx_word' id='word_1_313' title='bbox 485 3708 521 3743; x_wconf 93' lang='lat' dir='ltr'>ne</span> <span class='ocrx_word' id='word_1_314' title='bbox 541 3691 603 3760; x_wconf 89' lang='lat' dir='ltr'>quis</span> <span class='ocrx_word' id='word_1_315' title='bbox 620 3691 704 3759; x_wconf 78' lang='lat' dir='ltr'>igitur</span> <span class='ocrx_word' id='word_1_316' title='bbox 719 3691 881 3760; x_wconf 74' lang='lat' dir='ltr'>persuadeat</span> <span class='ocrx_word' id='word_1_317' title='bbox 900 3689 974 3759; x_wconf 90' lang='lat' dir='ltr'>quod</span> <span class='ocrx_word' id='word_1_318' title='bbox 991 3689 1036 3741; x_wconf 86' lang='lat' dir='ltr'>hia</span> <span class='ocrx_word' id='word_1_319' title='bbox 1051 3689 1100 3752; x_wconf 79' lang='lat' dir='ltr'>sir,</span> <span class='ocrx_word' id='word_1_320' title='bbox 1116 3689 1138 3741; x_wconf 92' lang='lat' dir='ltr'>si</span> <span class='ocrx_word' id='word_1_321' title='bbox 1149 3689 1228 3740; x_wconf 83' lang='lat' dir='ltr'>armis</span> <span class='ocrx_word' id='word_1_322' title='bbox 1247 3707 1301 3760; x_wconf 89' lang='lat' dir='ltr'>ap·</span> 
     </span>
     <span class='ocr_line' id='line_1_39' title="bbox 211 3757 1301 3832; baseline 0.004 -25"><span class='ocrx_word' id='word_1_323' title='bbox 211 3757 312 3828; x_wconf 85' lang='lat' dir='ltr'>petitus</span> <span class='ocrx_word' id='word_1_324' title='bbox 332 3761 428 3813; x_wconf 86' lang='lat' dir='ltr'>suisset</span> <span class='ocrx_word' id='word_1_325' title='bbox 446 3778 461 3812; x_wconf 87' lang='lat' dir='ltr'>a</span> <span class='ocrx_word' id='word_1_326' title='bbox 482 3763 607 3826; x_wconf 85' lang='lat' dir='ltr'>Temire,</span> <span class='ocrx_word' id='word_1_327' title='bbox 626 3761 741 3832; x_wconf 87' lang='lat' dir='ltr'>pessime</span> <span class='ocrx_word' id='word_1_328' title='bbox 762 3761 836 3813; x_wconf 88' lang='lat' dir='ltr'>istud</span> <span class='ocrx_word' id='word_1_329' title='bbox 857 3761 959 3814; x_wconf 87' lang='lat' dir='ltr'>bellurn</span> <span class='ocrx_word' id='word_1_330' title='bbox 983 3760 1203 3812; x_wconf 85' lang='lat' dir='ltr'>administrasset</span> <span class='ocrx_word' id='word_1_331' title='bbox 1240 3777 1301 3830; x_wconf 91' lang='lat' dir='ltr'>pu-</span> 
     </span>
     <span class='ocr_line' id='line_1_40' title="bbox 212 3831 1301 3898; baseline 0.006 -20"><span class='ocrx_word' id='word_1_332' title='bbox 212 3839 320 3898; x_wconf 75' lang='lat' dir='ltr'>gnasset</span> <span class='ocrx_word' id='word_1_333' title='bbox 349 3833 449 3884; x_wconf 84' lang='lat' dir='ltr'>etenira</span> <span class='ocrx_word' id='word_1_334' title='bbox 470 3833 590 3897; x_wconf 81' lang='lat' dir='ltr'>fortiter,</span> <span class='ocrx_word' id='word_1_335' title='bbox 609 3841 637 3885; x_wconf 91' lang='lat' dir='ltr'>et</span> <span class='ocrx_word' id='word_1_336' title='bbox 665 3833 686 3884; x_wconf 86' lang='lat' dir='ltr'>si</span> <span class='ocrx_word' id='word_1_337' title='bbox 704 3833 879 3896; x_wconf 83' lang='lat' dir='ltr'>nausiator,</span> <span class='ocrx_word' id='word_1_338' title='bbox 901 3849 956 3884; x_wconf 86' lang='lat' dir='ltr'>usn</span> <span class='ocrx_word' id='word_1_339' title='bbox 975 3840 1065 3884; x_wconf 86' lang='lat' dir='ltr'>tamen</span> <span class='ocrx_word' id='word_1_340' title='bbox 1085 3832 1171 3884; x_wconf 86' lang='lat' dir='ltr'>vietus</span> <span class='ocrx_word' id='word_1_341' title='bbox 1187 3831 1241 3884; x_wconf 88' lang='lat' dir='ltr'>isto</span> <span class='ocrx_word' id='word_1_342' title='bbox 1263 3847 1301 3884; x_wconf 79' lang='lat' dir='ltr'>ex</span> 
     </span>
     <span class='ocr_line' id='line_1_41' title="bbox 212 3901 1300 3974; baseline 0.006 -25"><span class='ocrx_word' id='word_1_343' title='bbox 212 3901 316 3969; x_wconf 85' lang='lat' dir='ltr'>praelia</span> <span class='ocrx_word' id='word_1_344' title='bbox 335 3906 504 3956; x_wconf 75' lang='lat' dir='ltr'>excessisset:</span> <span class='ocrx_word' id='word_1_345' title='bbox 523 3919 627 3974; x_wconf 74' lang='lat' dir='ltr'>pugnae</span> <span class='ocrx_word' id='word_1_346' title='bbox 644 3904 715 3955; x_wconf 89' lang='lat' dir='ltr'>euim</span> <span class='ocrx_word' id='word_1_347' title='bbox 735 3901 825 3956; x_wconf 84' lang='lat' dir='ltr'>iocum</span> <span class='ocrx_word' id='word_1_348' title='bbox 843 3905 972 3973; x_wconf 76' lang='lat' dir='ltr'>elegisset</span> <span class='ocrx_word' id='word_1_349' title='bbox 987 3910 1179 3974; x_wconf 83' lang='lat' dir='ltr'>oppurtunum,</span> <span class='ocrx_word' id='word_1_350' title='bbox 1195 3904 1226 3954; x_wconf 89' lang='lat' dir='ltr'>iu</span> <span class='ocrx_word' id='word_1_351' title='bbox 1239 3917 1300 3973; x_wconf 87' lang='lat' dir='ltr'>que</span> 
     </span>
     <span class='ocr_line' id='line_1_42' title="bbox 213 3971 1300 4046; baseline 0.005 -24"><span class='ocrx_word' id='word_1_352' title='bbox 213 3987 268 4022; x_wconf 89' lang='lat' dir='ltr'>non</span> <span class='ocrx_word' id='word_1_353' title='bbox 288 3971 368 4024; x_wconf 84' lang='lat' dir='ltr'>lacils</span> <span class='ocrx_word' id='word_1_354' title='bbox 387 3974 458 4026; x_wconf 85' lang='lat' dir='ltr'>vinci</span> <span class='ocrx_word' id='word_1_355' title='bbox 480 3977 622 4046; x_wconf 82' lang='lat' dir='ltr'>potuisset.</span> <span class='ocrx_word' id='word_1_356' title='bbox 658 3973 774 4028; x_wconf 82' lang='lat' dir='ltr'>Temiris</span> <span class='ocrx_word' id='word_1_357' title='bbox 791 3983 881 4029; x_wconf 87' lang='lat' dir='ltr'>autem</span> <span class='ocrx_word' id='word_1_358' title='bbox 896 3973 1043 4028; x_wconf 83' lang='lat' dir='ltr'>exereitum</span> <span class='ocrx_word' id='word_1_359' title='bbox 1060 3971 1197 4026; x_wconf 86' lang='lat' dir='ltr'>hostiliter</span> <span class='ocrx_word' id='word_1_360' title='bbox 1215 3989 1300 4027; x_wconf 84' lang='lat' dir='ltr'>aece-</span> 
     </span>
    </p>
   </div>
   <div class='ocr_carea' id='block_1_5' title="bbox 214 4040 1300 4169">
    <p class='ocr_par' dir='ltr' id='par_1_5' title="bbox 214 4040 1300 4169">
     <span class='ocr_line' id='line_1_43' title="bbox 214 4040 1300 4118; baseline 0.008 -28"><span class='ocrx_word' id='word_1_361' title='bbox 214 4040 331 4104; x_wconf 83' lang='lat' dir='ltr'>dentsm‚</span> <span class='ocrx_word' id='word_1_362' title='bbox 348 4051 378 4095; x_wconf 92' lang='lat' dir='ltr'>ut</span> <span class='ocrx_word' id='word_1_363' title='bbox 398 4045 478 4106; x_wconf 81' lang='lat' dir='ltr'>ferre,</span> <span class='ocrx_word' id='word_1_364' title='bbox 497 4045 652 4118; x_wconf 83' lang='lat' dir='ltr'>ubicunque</span> <span class='ocrx_word' id='word_1_365' title='bbox 670 4044 775 4098; x_wconf 85' lang='lat' dir='ltr'>ecessiu</span> <span class='ocrx_word' id='word_1_366' title='bbox 797 4063 825 4100; x_wconf 89' lang='lat' dir='ltr'>se</span> <span class='ocrx_word' id='word_1_367' title='bbox 843 4047 970 4110; x_wconf 87' lang='lat' dir='ltr'>dedisset,</span> <span class='ocrx_word' id='word_1_368' title='bbox 987 4043 1152 4111; x_wconf 79' lang='lat' dir='ltr'>decerneret,</span> <span class='ocrx_word' id='word_1_369' title='bbox 1170 4046 1300 4117; x_wconf 76' lang='lat' dir='ltr'>gravissi-</span> 
     </span>
     <span class='ocr_line' id='line_1_44' title="bbox 214 4113 508 4169; baseline -0.007 -1"><span class='ocrx_word' id='word_1_370' title='bbox 214 4129 255 4168; x_wconf 77' lang='lat' dir='ltr'>mu</span> <span class='ocrx_word' id='word_1_371' title='bbox 276 4113 351 4166; x_wconf 82' lang='lat' dir='ltr'>clade</span> <span class='ocrx_word' id='word_1_372' title='bbox 370 4117 508 4169; x_wconf 76' lang='lat' dir='ltr'>affecisset.</span> 
     </span>
    </p>
   </div>
   <div class='ocr_carea' id='block_1_6' title="bbox 0 0 1376 4626">
    <p class='ocr_par' dir='ltr' id='par_1_6' title="bbox 0 0 1376 4626">
     <span class='ocr_line' id='line_1_45' title="bbox 0 0 1376 4626; baseline 0 0"><span class='ocrx_word' id='word_1_373' title='bbox 0 0 1376 4626; x_wconf 95' lang='lat' dir='ltr'> </span> 
     </span>
    </p>
   </div>
  </div>
 </body>
</html>
