2750 4628
326 321 380 380 DE
399 319 528 380 REBUS
558 317 747 384 TURClClS
778 322 894 384 Mil.
1083 317 1159 386 337

151 465 191 534 Oi
211 471 272 550 μέν
291 467 379 552 α’μφί
404 465 613 548 τὸνβασιλέα
638 471 778 544 Παίονες
802 467 846 543 ιδς
868 467 1060 554 ἀπήλαυνον,
1083 472 1160 556 έζὴ-

61 589 142 634 τοον
161 569 215 633 τδν
234 571 391 649 βασιλέα·
434 568 515 647 μετά
535 569 700 652 δὲταῦτα,
720 561 916 654 σέςῇσδοντο
939 572 1080 636 ἐνταῦθα
1101 596 1160 636 πε·-
1203 637 1206 646 ς

61 664 173 741 σάντος
192 669 247 730 κατ’
269 663 503 752 α’ποδανδντος,
536 669 684 749 ἐνέβαλον
712 671 773 750 μέν
799 669 937 750 oderico,
973 669 1191 752 πειράμενοιῦ

62 767 237 830 ἀνελέσθαι
256 764 312 831 τὸν
332 765 450 850 νεκράν,
473 762 512 830 ού
532 771 640 846 μέντοι
662 771 895 850 περιεγένοντο·
937 767 1081 856 έπύρωσε
1099 770 1161 857 γάρ

37 857 205 948 5τοδργον
224 863 296 938 τούς
317 862 494 949 νεήλυδας,
524 869 579 930 καί
612 867 769 950 ἐμάχοντο
795 867 950 950 μεγάλως.
1002 868 1085 951 μετά
1109 873 1162 954 δέ,

65 963 110 1040 nic
134 965 192 1026 ουίι
218 960 371 1048 ἠδύναντο
402 965 571 1030 ἀνελέσθαι
600 965 656 1030 τὸν
688 965 818 1051 νεκρόν,
852 967 1034 1050 άτιηλαανον
1057 969 1111 1034 έπέ
1128 967 1163 1034 τὸ

63 1060 291 1148 στρατόπεδον.
335 1066 390 1128 κατ’
410 1065 562 1148 αύτιίαῆ
586 1063 678 1151 φήμη
694 1065 870 1150 ἀφικομένη
894 1067 948 1130 έπί
959 1066 1014 1132 τύν
1035 1070 1163 1133 Χοονιά-

62 1188 124 1247 την
147 1167 202 1228 troi
225 1166 256 1242 ές
285 1161 361 1237 τούς
379 1155 495 1238 ἄλλους
525 1164 601 1238 τούς
624 1167 657 1230 έν
679 1172 749 1238 ταῖς
783 1165 968 1242 συντάξεσιν
987 1163 1108 1232 έπαασέ
1128 1193 1163 1232 τε

63 1262 187 1346 μάχης.
211 1266 265 1326 καὶ
284 1265 525 1344 αἰιοχωροῦντος
547 1268 601 1328 κατ’
622 1261 724 1337 ἰόντος
742 1263 776 1326 ἐν
800 1263 908 1327 οὐδενὶ
927 1263 1044 1354 κόσμῳ,
1066 1269 1164 1332 έπον-

20 1371 55 1423 ιθ
67 1364 184 1424 δάνετο
204 1364 330 1441 ἓιαοτα,
352 1361 455 1426 odaiae
475 1355 611 1446 ἤλαυνεν
630 1364 684 1428 έπί
703 1359 738 1426 εδ
754 1360 976 1449 στρατόπεδον,
997 1359 1064 1430 ἀλλ’
1079 1367 1162 1432 catto

67 1463 132 1524 τού
149 1455 273 1546 Ἴστρου
309 1462 477 1546 ἐπορεύετο
510 1459 605 1535 ον’τός
625 1485 658 1526 τε
689 1460 744 1525 κατ’
763 1459 792 1526 οἱ
812 1465 924 1547 Δάκες,
948 1468 1003 1528 καί
1021 1461 1164 1548 τδςεῖχον

67 1564 230 1646 σπουδῆς,
252 1559 387 1647 ἔφευγον
408 1565 440 1626 ἑν
463 1562 571 1626 ον’δενέ
598 1561 704 1650 κόσμῳ
726 1561 782 1626 καί
802 1559 832 1626 οἱ
854 1557 942 1649 ἀμφὶ
958 1563 1012 1628 τὸν
1030 1571 1164 1646 βασιλέα

69 1659 237 1727 Παιόνων.
281 1664 316 1726 έν
336 1662 439 1749 ταύτῃ
467 1663 506 1748 τῇ
533 1661 736 1744 ἀποχωρήσει
761 1661 958 1746 ἐτελεύτησεν
977 1661 1038 1728 aino*
1064 1667 1164 1746 Ταύρ-

69 1785 134 1824 κων
151 1761 324 1834 Ἰουλιανὸς
359 1763 576 1844 καρδινάλιος,
607 1760 689 1844 άνὴρ
720 1757 760 1824 τά
784 1761 885 1824 πάντα
906 1761 1071 1844 γενόμενος
1091 1758 1163 1848 ‹ipr-

26 1875 60 1926 15
70 1884 156 1936 στος.
199 1865 254 1926 καί
274 1855 363 1926 ἄλλοι
384 1885 418 1926 τε
441 1859 552 1927 ἔπεσον
572 1865 606 1925 έν
626 1863 667 1948 τῇ
688 1857 892 1942 ἀποχωρήσει
912 1855 1025 1947 ἄνδρες
1046 1863 1166 1947 άγαθοί
1173 1882 1196 1934 1)

70 1961 129 2026 ονίι
153 1963 248 2044 σ’λέγοι
273 1963 398 2027 Δανιοῖν.

150 2061 295 2144 Ἰωάννης
316 2063 352 2126 δὲ
372 2061 415 2135 οἷς
437 2059 490 2124 aina*
513 2057 569 2124 τὸν
582 2053 703 2143 Ἴστρον
730 2061 861 2147 α’φέκετο
882 2065 938 2127 καί
957 2064 994 2126 τά
1016 2085 1050 2128 τε
1068 2088 1166 2146 στρα-

70 2155 215 2241 στύματα
248 2159 403 2241 διαβάντα
424 2159 598 2244 διεσπάρη,
623 2161 776 2246 ἐνταῦθα,
797 2159 840 2234 ὥς
861 2163 1030 2247 ἐπορεύετο
1049 2161 1166 2245 σ’λέγοις

69 2266 136 2333 τοῖς
157 2261 241 2343 ἄμφ’
260 2258 368 2339 αὐτόν,
388 2255 472 2324 ἑάλω
493 2256 554 2322 ύπὸ
577 2258 769 2342 Δρακούλεω
789 2261 848 2323 τού
867 2264 983 2326 Δακῶν
1006 2261 1165 2346 εἵγεμύνος,

23 2361 221 2436 annotabam
237 2382 270 2423 τε
291 2352 389 2433 ὄντος.
432 2357 486 2422 καί
506 2353 657 2440 πρότερον
677 2359 713 2420 δέ
732 2358 874 2444 Ἰωάννης
894 2361 1082 2442 η’ναντιούτο
1104 2363 1164 2425 od-

67 2459 112 2543 τῷ
133 2455 166 2521 έν
188 2467 252 2534 τοῖς
273 2462 398 2524 Παίοσι
425 2457 513 2540 παρά
534 2461 664 2539 βασιλεῖ
682 2459 877 2546 Λαδισλάηι,
899 2454 953 2524 dra
974 2457 1033 2543 την
1054 2457 1164 2526 έλαοιν

17 2542 21 2552 ’
67 2560 232 2622 ἐποιοῦντο
263 2558 325 2621 α’πὸ
356 2561 411 2639 τῆς
431 2561 552 2630 Δακιάς
584 2555 639 2619 τὸν
662 2547 782 2640 Ἴστρον
807 2559 1032 2640 διαβαίνοντες,
1051 2558 1107 2634 τάς
1127 2583 1162 2624 τε

66 2654 176 2735 κάμας
199 2656 300 2722 nitori
314 2655 508 2741 ληιζόμενος,
530 2654 584 2720 κατ’
604 2658 730 2738 διέβαλε
756 2655 836 2740 πρός
855 2661 991 2740 βασιλέα
1006 2659 1160 2725 Παιόνων

141 2979 281 3033 Ρεοαοαιι
299 2997 358 3032 enm
378 2979 523 3044 oederent,
543 2995 631 3046 regem
650 2995 727 3030 auom
754 2979 952 3050 quaeritabant.
988 2987 1157 3032 comantem

69 3052 263 3121 comperissent
289 3069 351 3104 eum
383 3052 489 3109 inania
512 3049 641 3104 cecidisse
671 3058 699 3101 et
724 3052 912 3104 obtruncatum
936 3067 1010 3112 eane,
1031 3051 1060 3104 in
1080 3068 1158 3121 prae-

69 3121 136 3174 liorn
156 3121 278 3186 redeant,
297 3124 419 3176 volenter
437 3124 535 3174 mortui
549 3137 645 3190 oorpoa
664 3121 779 3187 tollere;
797 3138 848 3174 neo
867 3131 957 3174 tamen
975 3123 1080 3174 Turooa
1097 3123 1159 3174 vin-

69 3209 130 3244 cere
148 3196 301 3264 quiverunt.
337 3193 382 3246 hic
405 3211 494 3246 rumor
511 3202 542 3244 ut
560 3191 672 3246 devenit
696 3191 730 3244 ad
753 3191 914 3244 Cboniatem
937 3191 1018 3244 etad
1038 3193 1156 3263 reliquos

68 3265 117 3334 qui
138 3263 210 3318 bunc
228 3265 434 3329 comitabantur,
452 3271 622 3318 excesserunt
643 3264 756 3333 praelio.
794 3280 854 3314 cum
874 3271 964 3314 antem
983 3272 1055 3315 retro
1074 3263 1156 3316 cade-

70 3344 131 3387 rent
147 3344 175 3388 et
192 3335 314 3404 palantes
330 3337 408 3388 nulio
427 3343 522 3388 ornatu
541 3336 593 3386 iter
608 3333 737 3394 iacerent,
758 3335 848 3385 omnia
869 3342 960 3386 exacte
980 3333 1157 3402 expiscaban·

68 3415 122 3457 tur.
159 3407 239 3458 rebus
261 3407 385 3458 omnibus
405 3408 518 3476 cognitis
535 3421 590 3456 non
611 3404 645 3456 ad
666 3413 751 3456 caetra
769 3404 960 3475 properabant,
978 3417 1069 3454 verum
1084 3413 1157 3458 recta

68 3475 103 3528 ad
121 3478 219 3530 latrum
239 3478 440 3530 contendebant
459 3476 603 3536 Cboniatea
622 3484 650 3526 et
677 3475 751 3526 Daci.
788 3477 867 3527 etiam
888 3475 1028 3526 Pennonea
1048 3475 1095 3544 qui
1114 3491 1157 3528 re·

68 3565 127 3616 gena
145 3550 228 3600 aecuti
248 3550 365 3612 suerent,
387 3551 477 3618 sugam
497 3547 645 3616 arripuere,
671 3545 796 3597 audentea
817 3547 895 3597 nullo
916 3545 1021 3597 ordina.
1058 3545 1087 3596 in
1104 3543 1157 3598 hoe

67 3619 185 3672 distem
208 3621 365 3672 interiectus
397 3628 438 3673 eat
464 3619 498 3672 ab
524 3618 619 3672 Turcia
638 3615 758 3668 Iulianae
786 3615 947 3677 cardinalia,
967 3615 1009 3664 vir
1028 3615 1155 3684 optimus.

68 3692 225 3744 ceciderunt
247 3689 348 3742 ibidem
373 3699 401 3743 et
425 3691 472 3743 aiii
497 3689 563 3742 boni
593 3688 641 3740 viri
669 3686 828 3756 complures.
865 3686 930 3738 Daci
950 3685 1031 3736 etiam
1050 3686 1158 3756 aliquot

67 3761 210 3814 deaiderati
230 3771 301 3814 eunt.
1129 3819 1130 3824 Ἰ

137 3837 252 3886 ioannes
271 3831 408 3886 Huniadea
426 3847 485 3882 oum
513 3827 547 3880 ad
564 3831 661 3880 latrum
678 3828 796 3879 venierat
814 3827 1001 3896 exereituaque
1020 3823 1155 3880 traduxit·

68 3911 118 3968 set,
140 3905 253 3974 dispersi
280 3911 344 3956 aunt
367 3903 476 3954 milites.
522 3915 581 3951 oum
611 3901 668 3968 ipae
687 3900 802 3969 stipatus
820 3900 911 3967 paucio
929 3895 1084 3960 incederet,
1108 3917 1154 3950 oa-

68 3983 129 4044 pto·
159 3985 199 4028 eat
216 3977 251 4028 ab
276 3993 325 4028 auo
351 3973 428 4026 boote
454 3971 569 4024 Dracoia
597 3971 728 4022 Dacorum
757 3969 887 4039 principe.
924 3985 985 4020 narn
1008 3967 1154 4022 Choniatea

68 4054 147 4098 antea
175 4047 238 4100 huie
266 4047 338 4098 inter
359 4045 499 4096 Pannonea
524 4039 676 4092 adversatur
695 4049 770 4102 erat,
788 4041 817 4090 in
835 4047 981 4108 conspectu
1000 4041 1069 4104 regia
1088 4039 1154 4092 Via-

67 4115 162 4184 dislai3
181 4127 210 4171 et
227 4119 280 4172 iter
299 4117 401 4169 iaciens
421 4131 453 4166 ex
472 4113 555 4166 Dacia
577 4120 605 4164 et
625 4113 720 4164 latrum
733 4111 869 4162 tranaieor
889 4127 948 4162 cum
969 4113 1054 4180 copiia
1074 4112 1153 4164 arbee

66 4191 126 4242 einr
145 4189 298 4260 diripiebat.
335 4196 474 4258 praeterea
492 4181 592 4238 detulit
608 4198 668 4234 erana
685 4180 756 4251 apud
776 4197 864 4249 regem
881 4179 1060 4246 vladiriaunn,
1077 4183 1153 4252 quad

118 4281 376 4394 ΙλἿιίιέτοασιιιδνλσε.
976 4293 1012 4346 22
