2730 4630
349 303 404 366 ott
432 303 563 366 REBUS
590 301 779 370 Tuuctcts
808 305 845 368 L.
864 291 924 368 Vs
1089 299 1160 368 227

62 451 122 516 τύν
142 472 176 516 το
195 447 273 535 ῥοῦν
288 426 346 534 τῆξ
363 452 473 535 λίμνης
496 446 612 532 ἔζευξε,
633 453 689 516 κατ’
701 452 791 537 διέβη
812 453 856 529 ὦς
875 446 943 536 εἶχε
961 448 1090 537 τύχους,
1109 460 1165 520 κατ’

62 547 147 625 τούς
166 571 200 613 τε
224 549 383 626 ἀζύπιθας
405 547 596 632 διεχρήσατο
617 546 758 627 ἅπαντας
772 551 883 618 αύτού.
923 551 1003 632 μετὰ
1026 555 1062 618 δὲ
1083 557 1162 618 τού·

62 673 109 714 τα
132 650 245 714 ἐδίωκε
274 645 354 712 susci
387 645 494 722 πόλεις
519 646 574 712 τύν
603 652 820 736 Μουσταφᾶν.
876 653 1083 737 Μουσταφοῖς
1102 656 1162 732 μὲν

63 741 127 812 σύν
149 746 235 832 ἔφθη
270 747 384 829 διαβὰς
410 750 444 823 ἐς
471 747 726 830 Καλλιυύπολιν,
756 750 954 834 Ἀμουριέτης
973 753 1008 815 tt
1024 750 1189 834 ἐντυχιύνο

35 846 122 930 5νηί
140 845 273 933 μεγίστῃ
294 851 355 910 ταῖν
376 849 517 912 Ἰανυΐαν
545 849 645 912 adseri
668 849 764 936 ταύτῃ
784 847 986 937 ὅρμιζομένη,
1012 857 1162 916 συντίθε-

63 973 123 1012 ται
145 950 189 1032 τῷ
208 945 286 1021 eseia
307 943 442 1034 δεσπότῃ
466 949 723 1031 διαπορθμεῦσαι
753 947 853 1012 αύτόν
872 972 905 1014 τε
925 944 993 1030 ἅμα
1012 949 1068 1014 κατ’
1087 951 1162 1026 τούς

61 1045 225 1129 νεήλυδας
244 1045 298 1110 κατ’
316 1047 390 1121 τούς
409 1050 473 1112 τοῖν
495 1052 605 1131 θυρῶν
626 1049 726 1112 usitari
740 1048 796 1112 καί
816 1042 903 1114 ἅπαν
922 1046 958 1112 τύ
980 1047 1161 1132 στράτευμα

62 1148 101 1220 ἐς
122 1145 182 1228 τὴν
202 1142 380 1231 Εύριύπην,
401 1150 457 1212 κατ’
485 1150 627 1212 ἐτέλεσεν
661 1148 746 1235 αύτῷ
769 1147 924 1232 α’ργύριον
947 1145 1071 1230 ἱκανόν,
1091 1140 1162 1214 ὅσον

63 1245 110 1330 δὴ
134 1241 282 1332 ᾐτήσατο.
328 1246 384 1310 καὶ
403 1248 653 1330 θιεπύρθμευσεν
675 1248 764 1334 αύτῷ
786 1271 820 1312 τε
840 1245 909 1328 ἅμα
932 1248 1048 1336 καὶτῷ
1065 1273 1162 1330 στρα.

21 1350 114 1432 10τῴ
138 1341 260 1414 ἅπαντι.
303 1343 319 1408 ύ
340 1351 400 1426 μὲν
420 1341 476 1411 σύν
498 1351 703 1433 Μουσταφιῖς
725 1346 768 1422 sic
791 1344 925 1412 ἐπύθετο
950 1344 1162 1430 διαβεβηκότα

52 1441 271 1528 ’Ἀμουρύτην
306 1448 339 1521 ἐς
371 1444 430 1530 τήν
452 1445 629 1532 Εὐρώπην,
659 1440 755 1530 καίἧ
778 1440 850 1510 ὅποι
874 1447 1008 1526 σύζυιτο
1030 1446 1158 1529 αἰευύρα

61 1548 245 1629 ἐπισφαλὲς
266 1539 306 1610 dr
328 1538 389 1630 ἤδη
412 1543 599 1634 ἁπανταχῇ,
619 1541 675 1610 οἵτε
694 1543 902 1628 Ἀμουρύτεω
923 1546 1157 1626 καταλαβόντος

63 1643 174 1723 αὐτόν,
196 1645 330 1723 ἐσώζετο
357 1643 412 1710 ἐπὶ
437 1646 472 1710 τὸ
495 1639 565 1728 ύρυς
590 1643 750 1729 Τουγύνου
784 1643 870 1712 osiam
893 1645 1095 1728 καλούμενοι.
1139 1643 1187 1723 ὃς

63 1745 103 1807 δὲ
127 1741 171 1819 ὥς
185 1745 305 1828 idemne,
326 1748 380 1809 κατ’
403 1745 552 1830 caraxata,
574 1747 674 1810 πάντα
691 1749 791 1828 ζητιύν
812 1740 869 1808 orias
889 1744 983 1826 ἄνι’τι,
1003 1740 1159 1828 σαγηνεύ-

20 1857 126 1916 15σας
149 1866 184 1906 τε
208 1841 261 1908 τύν
284 1847 387 1928 χῶρον
408 1837 548 1932 αύτσύῇ
571 1846 674 1912 ἐδόκει
689 1847 743 1908 κατ’
764 1839 824 1928 ἧύη
845 1844 988 1926 ὑποψίαν
1007 1831 1159 1926 παρεῖχεν

62 1943 200 2006 ε’νταυθί
219 1941 423 2028 κρύπτεσθαι,
444 1937 537 2027 εὗρεν
558 1944 654 2010 αὐτὸν
675 1941 737 2008 sino*
761 1940 874 2030 θάμνῳ
894 1944 958 2008 τινί
977 1948 1157 2024 κεκρυμμέ-

61 2041 207 2120 νον,ααί
234 2043 398 2126 ζωγρήσας
432 2043 549 2131 α’γχόνη
580 2067 613 2108 τε
639 2043 694 2108 τὰν
716 2041 831 2124 λαιμόν
863 2044 964 2108 adseri
983 2041 1235 2126 e’gpq'uurodttt

61 2142 251 2225 ἐτελεύτησε
280 2145 315 2208 δὲ
335 2147 543 2228 Μουσταφᾶς
574 2140 767 2226 βασιλεύσας
801 2141 835 2208 ἐν
866 2145 903 2232 τῇ
935 2143 1074 2230 Εὐρώπῃ
1103 2141 1156 2228 ἔτη

61 2248 151 2322 τριά.
190 2238 388 2327 Ἀμυυρύτης
409 2245 444 2308 δὲ
465 2243 509 2318 sic
530 2241 605 2325 ἔσχε
626 2241 684 2326 τήν
702 2239 808 2328 ἀρχην
829 2243 951 2328 α’μφοῖν
971 2252 1042 2309 ταῖν
1067 2245 1156 2309 sart-

18 2359 143 2424 οοροιν,
164 2343 199 2416 ἐς
221 2340 280 2425 τὴν
301 2347 467 2423 βασιλείαν
487 2347 633 2428 κατέστη.

150 2439 200 2508 Osi
222 2445 327 2529 πολλῷ
359 2443 395 2506 δὲ
424 2439 556 2529 ύατερον
585 2444 789 2528 ἐστρατεύετο
819 2443 874 2508 ε’πί
901 2440 1158 2523 accusassent

134 2617 179 2670 12.
200 2611 255 2672 ir?

65 2753 208 2822 equitibus
227 2754 307 2807 foede
333 2754 453 2808 desertos
477 2763 506 2808 et
523 2755 645 2826 proditos
665 2756 766 2808 saevire
792 2759 931 2807 statueret.
966 2759 1051 2824 ponte
1068 2755 1153 2823 igitur

64 2829 206 2878 Amarates
223 2827 310 2878 lacum
330 2843 390 2878 eum
405 2827 528 2894 iungens,
549 2843 628 2895 quam
643 2828 779 2878 celerrime
792 2825 826 2876 arl
843 2825 960 2877 hostium
972 2833 1057 2876 castra
1076 2833 1151 2877 tran·

63 2895 128 2956 siit,
158 2905 186 2948 et
216 2899 341 2967 asapides
374 2914 466 2949 omnes
484 2897 591 2949 occidit.
635 2898 700 2948 hinc
720 2898 845 2967 persequi
864 2896 960 2948 statuit
978 2895 1151 2964 Mustaplsam

63 2983 158 3018 omnes
178 2967 276 3030 urbes,
300 2985 474 3039 quascunque
501 2967 619 3020 adiisset.
666 2965 823 3037 Mustaphas
850 2977 940 3019 autem
968 2976 1152 3036 praeverterat

62 3041 217 3090 Amaratem
250 3040 448 3092 transfretando
477 3039 640 3109 Callipolim.
681 3043 821 3090 Amarates
849 3054 912 3090 vero
939 3047 1033 3090 nactus
1060 3039 1151 3091 nerim

64 3111 238 3162 lanueusium
258 3113 407 3173 maximam,
425 3127 496 3180 quae
514 3113 583 3162 forte
602 3111 752 3179 appulerat,
770 3109 915 3178 paciscitur
932 3125 991 3159 cum
1013 3108 1151 3178 guberua-

64 3187 123 3231 tore
141 3189 172 3232 ut
190 3199 219 3232 se
236 3197 295 3232 cum
321 3183 468 3251 peregrinis
493 3190 522 3234 et
549 3183 645 3233 ianuae
670 3179 802 3232 militibus
831 3195 936 3230 necnon
957 3197 1017 3232 cnm
1036 3180 1150 3251 reliquis

63 3251 150 3320 copiis
170 3253 200 3304 in
226 3253 357 3321 Europam
389 3253 548 3304 traduceret.
590 3252 738 3304 mercedem
762 3249 937 3320 gubernatori
961 3251 1044 3302 solvit
1062 3253 1150 3304 maxi-

63 3337 142 3382 mam,
162 3325 305 3392 pecuniam
327 3334 453 3392 quantam
476 3325 610 3393 petiisset,
637 3324 749 3390 impigre
771 3319 945 3374 numerando.
982 3329 1010 3373 et
1027 3322 1057 3373 in
1075 3323 1149 3373 hune

64 3391 173 3442 modum
194 3411 253 3444 cum
278 3395 362 3464 copiis
383 3396 437 3446 suis
462 3395 592 3455 universis
617 3394 645 3444 in
664 3395 797 3464 Europam
816 3400 982 3444 transvectus
1002 3398 1056 3444 est.l
1085 3393 1148 3443 Mu·

63 3462 172 3532 staphes
190 3465 239 3516 ubi
257 3467 388 3534 comperit
404 3467 536 3517 Amaratis
555 3466 582 3516 in
602 3467 736 3535 Europam
756 3464 908 3526 transitum,
930 3464 1038 3530 iamque
1057 3462 1146 3514 minus

63 3535 209 3606 minusque
228 3545 302 3587 tutus
323 3537 394 3588 soret
412 3537 515 3608 ubique
535 3536 616 3588 fratrs
636 3537 803 3600 imminente,
822 3534 1038 3602 circumspiciens
1057 3533 1146 3583 locum

62 3605 110 3655 ubi
129 3608 241 3658 exitium
258 3611 389 3670 evitaret,
421 3607 483 3674 iuga
502 3624 529 3659 se
550 3607 668 3658 contulit
687 3608 715 3658 iu
730 3615 848 3658 montem
866 3621 946 3673 quem
968 3604 1073 3654 incolae
1088 3603 1145 3654 To-

63 3691 158 3742 ganusn
180 3679 329 3730 nominant.
367 3695 399 3730 eo
418 3687 525 3730 secutus
545 3687 587 3730 est
604 3681 751 3741 druurates,
771 3693 822 3729 nec
840 3673 983 3727 desinebat
1000 3675 1089 3726 omnia
1104 3675 1146 3724 irs-

62 3745 160 3814 dagsre
181 3757 211 3800 ut
230 3752 363 3819 potiretur
384 3749 535 3819 Mustapha.
572 3767 630 3800 cum
651 3757 740 3800 autem
762 3747 839 3818 quasi
858 3745 989 3797 verriculo
1009 3745 1147 3798 lustrasset

64 3827 91 3868 et
108 3818 236 3888 indagine
263 3820 482 3873 circumdedisset
506 3821 594 3872 lucum
620 3820 649 3870 iu
670 3837 724 3890 quo
743 3836 802 3870 eum
821 3835 849 3868 se
870 3815 1004 3868 occultare
1028 3817 1147 3886 suspica-

63 3888 160 3951 batur,
179 3889 230 3942 sub
257 3891 366 3944 arbusto
395 3892 549 3944 latitantem
577 3889 698 3943 offendit.
735 3891 827 3951 cuius,
846 3887 892 3939 obi
910 3887 986 3939 visus
1003 3887 1032 3938 in
1051 3905 1146 3939 manus

62 3969 182 4022 venerat,
199 3969 293 4030 guttur
311 3963 409 4032 laqueo
424 3962 511 4032 tregit.
547 3962 705 4014 interiectus
726 3969 767 4013 est
786 3961 879 4029 itaque
898 3958 1066 4028 Mustsphas‚
1086 3977 1146 4010 cam

64 4041 200 4098 regnasset
217 4033 247 4085 in
264 4033 372 4103 Europa
390 4034 468 4086 annis
485 4033 580 4086 tribus.
622 4035 760 4084 Amaretes
778 4031 825 4082 ubi
843 4037 983 4101 utramque
1001 4031 1146 4084 coutinen-

64 4109 117 4152 tem
133 4103 163 4154 in
183 4111 345 4174 potestatem
364 4104 476 4173 redegit,
495 4121 540 4155 res
558 4111 661 4155 creatus
679 4111 728 4154 est.

132 4173 188 4226 lies
214 4177 302 4228 annito
330 4183 394 4248 post
419 4174 619 4246 expeditionem
645 4175 760 4246 sumpsit
782 4171 908 4226 adsersus
934 4171 1090 4241 Byzantium
1117 4177 1146 4223 st
