2750 4628
150 315 319 382 LilONlCl
334 311 535 380 cliticon.
556 317 611 378 DE
629 313 759 381 REBUS
775 315 898 382 TURC.
917 319 953 381 t.
965 321 1020 382 Vl.
1078 319 1150 389 283

59 469 127 531 τοῖν
141 467 198 550 τῆς
216 465 326 542 ’Λσίας
346 464 503 552 τυράννοιν
520 464 691 546 παρεκάλει
705 465 758 530 ἐπί
772 465 954 536 α’πύστασιν.
976 472 1032 536 ἐπί
1043 473 1153 539 ταύταν

60 565 101 651 δὴ
122 565 298 645 ἀναζεύξας
312 559 548 650 Ἀμσαρύτηςὸ
571 569 748 649 Μεχμίτεα
770 568 982 653 ἐστρατεύετο,
1005 571 1060 637 καί
1074 575 1153 638 Tou.

61 665 190 750 ραχύνη
213 664 265 730 τὸν
284 665 456 740 Θετταλίας
484 659 629 749 ύπαρχαν
661 667 843 732 ἐπέστελλεν
861 669 1004 734 ἐλαύνειν
1026 675 1080 738 ἐπί
1098 669 1189 742 edne.
1203 689 1253 742 15⁰

61 765 312 848 Πελοποννήσου
329 762 469 846 Ἰσθμόν,
491 769 546 829 καί
565 771 711 830 καθελεῖν
724 790 758 831 τε
779 765 833 831 τὸν
855 765 993 849 Ἰσθμόν,
1012 771 1068 836 καί
1087 769 1154 836 ἐπι-

33 867 223 949 δύραμύντα
237 866 291 948 τὴν
303 866 546 946 Πελοποννήσου
559 865 677 948 χώραν,
693 861 752 950 ὅση
765 861 826 930 ύπύ
842 875 907 943 τοῖς
922 865 1073 956 Ἑλλήνων
1083 869 1155 955 ἤγε-

57 990 139 1047 μσσο
158 966 310 1061 τυγχάνει
332 959 424 1049 odon,
444 963 640 1030 ἀπελαύνειν.
684 966 702 1028 ὁ
722 970 780 1046 μὲν
797 959 854 1030 σύν
875 971 981 1049 λαβὼν
1001 968 1155 1053 στράτου.

57 1091 110 1147 μα
140 1065 175 1132 τύ
211 1065 267 1148 τῆς
298 1067 473 1140 Θετταλίας
506 1067 561 1129 καί
587 1069 768 1148 Περαιβίας
797 1069 852 1150 τῆς
883 1071 992 1153 λίμνης
1025 1069 1157 1156 ἄφίκετο

59 1167 119 1231 ε’πί
148 1165 203 1228 adr
228 1162 379 1250 Ἰσθμόν,
414 1165 468 1228 καί
499 1165 687 1246 καταλαβών
712 1163 810 1229 αύτὸν
831 1162 949 1250 ἔρημον
973 1173 1101 1234 καθεῖλε
1120 1192 1156 1233 τε

60 1264 179 1346 αὐτόν,
200 1268 254 1328 καί
275 1261 418 1344 ἑσβαλύν
438 1267 471 1338 ἐς
490 1263 547 1348 τήν
572 1267 815 1349 Πελοπόννησον
837 1265 932 1350 ἑδήαα
957 1268 1013 1349 τὴν
1032 1266 1153 1352 χώραν,

17 1383 48 1435 to
60 1367 123 1429 καί
142 1363 197 1428 ε’πί
217 1364 362 1448 Σπάρτην
385 1364 576 1448 α’φικύμενσς
597 1363 654 1447 τήν
666 1387 700 1430 τε
716 1364 907 1450 Λακωνικήν
925 1368 1082 1450 ἐπέδραμε
1103 1369 1158 1433 καί

61 1461 238 1550 αἷπήλαονε.
280 1464 430 1545 βασιλεύς
451 1466 480 1528 δ’
499 1465 545 1539 εἰς
565 1461 623 1549 τήν
654 1467 762 1531 Ἀσίαν
783 1463 898 1547 διαβὰς
919 1469 973 1530 ε’πί
993 1469 1156 1551 Καραμᾶ..

60 1587 121 1630 ναν
141 1559 259 1648 ἤλαυνε
283 1561 318 1629 τὸ
350 1562 512 1648 δεύτερον,
543 1567 599 1628 καί
627 1563 718 1649 τὴντε
744 1564 855 1649 χούραν
881 1563 976 1650 idion
1004 1565 1059 1630 καί
1087 1571 1157 1632 ἐπε-

66 1662 191 1750 κράτει.

149 1765 199 1828 Ἐν
227 1755 254 1853 ᾧ
282 1765 319 1828 δὲ
340 1766 439 1829 ταῦτα
459 1766 589 1848 ίγένετο,
609 1765 640 1830 Γ
639 1764 768 1848 εούργιας
791 1761 808 1827 ti
832 1768 1016 1846 Τριβαλλῶν
1035 1763 1186 1848 ἡγεμούνιο

21 1883 53 1934 15
65 1867 101 1940 ἐς
121 1865 235 1947 λόγους
254 1867 297 1951 τῷ
315 1887 346 1928 τε
363 1861 480 1947 ’Idyros
501 1861 556 1928 καί
569 1865 617 1951 ’τῷ
638 1862 791 1930 Παιόνων
809 1869 939 1946 βασιλεῖ
955 1863 1159 1951 ἀφικόμενος,

64 1965 125 2029 καί
149 1967 214 2028 τοῖν
245 1961 384 2046 α’ρίστιον
410 1967 464 2046 τῆς
489 1966 649 2039 Παιονιάς
673 1961 789 2046 μετιών
810 1966 954 2050 ἕκαστον,
977 1967 1084 2048 ἐνῆγεν
1108 1967 1162 2030 ε’πί

61 2062 250 2148 ’Λμοαρύτη
276 2061 523 2148 στρατεύεσθαι,
554 2068 608 2128 καί
635 2051 785 2148 χρήματα
820 2067 852 2140 ἐς
881 2065 937 2148 τὴν
957 2064 1161 2148 ἐκστρατείαν

64 2163 189 2248 ταύτην
207 2163 361 2247 ύπὲσχετο
392 2161 484 2228 ἱκανὰ
506 2165 618 2229 δοῦναι
637 2173 702 2240 τοῖς
721 2169 880 2244 Παίοσιν,
902 2163 924 2229 ii
944 2165 983 2249 de}
1008 2167 1063 2229 καί
1081 2167 1160 2231 rtur.

65 2267 201 2346 νέγκατο
222 2264 331 2330 adut.
372 2267 472 2330 aurire
493 2265 530 2328 di
561 2264 649 2351 αύτῷ
671 2262 935 2349 σαγκατεργύζετα
957 2266 1012 2329 καί
1030 2261 1159 2350 ’ldyyog

20 2371 134 2438 ποτοῖς
156 2365 216 2442 μὲν
229 2359 355 2448 Ἕλλησι
376 2367 481 2450 prison
503 2356 550 2449 ἦν,
573 2365 657 2453 αύτῷ
677 2365 769 2450 φίλος
790 2387 823 2429 τε
844 2358 890 2428 σύν
911 2367 1077 2448 ἐτύγχανε.

140 2565 185 2620 20.
207 2561 239 2627 ὃς
255 2565 334 2628 rote?

67 2745 180 2799 citabat.
217 2745 356 2800 Amarates
378 2749 459 2816 igitur
477 2747 635 2802 Mechmetis
655 2748 743 2813 lilius,
762 2749 810 2800 ubi
838 2747 864 2798 id
886 2748 973 2818 pnrnri
992 2745 1160 2800 animadver-

67 2819 115 2879 tit,
136 2825 240 2870 mutato
259 2819 374 2870 consilio
393 2827 514 2888 coeptum
534 2819 733 2888 expeditionem
752 2819 852 2880 omisit,
867 2830 895 2872 et
911 2819 1014 2871 bellurn
1033 2835 1111 2870 omne
1130 2820 1160 2870 in

68 2889 248 2940 Caramauum
267 2889 373 2941 avertit.
410 2889 596 2942 Turachnnern
614 2890 773 2942 Thessaliae
800 2889 967 2960 praesectum
985 2891 1064 2940 iussit
1082 2906 1159 2940 exer-

68 2961 155 3010 citum
173 2969 265 3012 contra
286 2961 467 3030 Peloponnesi
487 2961 615 3014 Isthmum
633 2960 739 3022 sluttere,
758 2977 874 3030 eumque
892 2962 920 3012 in
932 2968 1094 3030 potestatem
1116 2977 1159 3011 re-

68 3029 182 3098 digere,
203 3029 304 3084 deinde
325 3033 460 3100 regionem
481 3033 671 3101 Peloponnesi,
689 3033 737 3102 qui
759 3031 809 3083 sub
828 3033 939 3084 Graecis
957 3040 1006 3093 est,
1025 3032 1160 3083 incursio-

67 3102 152 3154 nibus
169 3117 275 3154 vexare.
319 3104 418 3174 quibus
438 3105 554 3174 peractis
573 3119 635 3154 eum
652 3103 716 3154 inde
737 3103 810 3154 abire
828 3104 950 3155 iusserat.
985 3102 1160 3155 Turachanes

67 3172 367 3313 tfitttlttzlP
397 3173 614 3298 ttl’ttlttn
633 3173 1162 3315 tt³t„:tt:.⁰tt¹.ttt‘titttttt

67 3323 99 3367 et
121 3313 185 3366 hinc
202 3263 400 3368 ἰεεεαιελοειεάύΙ
408 3317 507 3370 laniena
524 3319 553 3368 in
572 3317 750 3386 Peloponnesi
769 3317 913 3384 regionem,
932 3317 1084 3369 vastitatem
1101 3281 1161 3366 rna-³

66 3387 171 3438 xlmam
189 3385 320 3438 reddidit,
366 3387 446 3440 etiam
465 3389 587 3460 Spartam
606 3387 690 3450 adiit,
707 3388 895 3458 anonineque
914 3388 1048 3456 regionem
1068 3401 1160 3456 popu-

67 3459 143 3509 latne
162 3466 212 3510 est·
249 3459 347 3528 quibus
365 3459 500 3522 omnibus,
519 3457 742 3528 quemadmodum
760 3465 932 3528 praeceperat
950 3473 1004 3520 rex,
1023 3455 1160 3525 expeditis

67 3527 150 3580 abiit.
199 3545 244 3580 rex
268 3531 407 3582 Amarates
424 3531 453 3582 iu
471 3532 560 3582 Asiam
587 3538 752 3582 transvectus
771 3537 865 3582 contra
885 3530 1061 3582 Caramnnurn
1083 3541 1161 3582 exer-r

65 3601 154 3654 citum
174 3598 312 3664 ductabat,
333 3609 361 3654 et
378 3601 496 3654 secundo
516 3603 573 3653 eiua
590 3602 726 3670 regionem
756 3609 900 3652 evastatam
919 3596 1073 3666 subigebat.

141 3687 180 3739 lia
197 3695 357 3757 tempestate
388 3707 442 3762 qun
461 3689 528 3742 haec
544 3687 710 3758 agebantur,
731 3687 862 3756 Georgius
880 3685 1063 3737 Triballorum
1084 3685 1162 3756 prin-

68 3775 134 3828 ceps
162 3759 192 3812 in
216 3761 385 3830 colloquium
416 3761 491 3812 veuit
509 3777 568 3812 cum
588 3761 669 3827 lango
695 3765 723 3811 et
746 3775 805 3809 cum
823 3761 979 3810 Punuouum
1007 3773 1081 3826 rege;
1098 3771 1162 3826 pre-

68 3831 245 3900 hennnnsque
265 3833 385 3900 singulos
401 3831 555 3886 Pannoniae
574 3847 713 3902 proceres,
739 3829 920 3900 persuadent
940 3835 1033 3880 coutru
1050 3829 1163 3880 Araura-

67 3909 125 3952 tern
146 3917 219 3954 arma
251 3911 388 3972 caperent.
440 3921 505 3974 opes
525 3912 615 3954 autem
641 3901 770 3972 plurimas
794 3903 1007 3970 immensamque
1030 3900 1162 3968 pecuniae

68 3975 123 4024 viru
141 3973 314 4026 Pannonibua
334 3974 369 4025 ad
388 3989 446 4025 eum
465 3975 666 4044 expeditionem
690 3971 880 4042 pollicebatur.
918 3987 969 4022 nec
987 3971 1075 4023 solum
1095 3985 1162 4040 pro-

67 4045 154 4107 misit,
172 4061 265 4096 vernm
285 4046 427 4114 pecuniam
445 4045 626 4107 Pannonibna,
645 4053 675 4096 nt
693 4061 738 4097 eoa
755 4043 922 4112 experiretur
936 4042 1086 4106 auxiliares,
1105 4049 1161 4093 tra-

69 4113 150 4167 didit.
189 4133 253 4169 naua
273 4123 314 4168 est
333 4117 480 4186 plurimum
501 4131 582 4188 opera
602 4113 713 4168 adeam
740 4131 794 4167 rens
815 4115 899 4181 lengi,
920 4115 966 4183 qui
988 4112 1098 4166 Graecis
1118 4111 1161 4163 ia-

68 4187 214 4238 miliariter
233 4189 337 4239 iunctus
351 4197 415 4239 erat.
