2750 4628
213 249 285 320 286
461 251 626 318 nauum
656 221 1045 315 cuaacoconnuiaa

213 404 433 486 ἀμυνούμενοι,
451 403 505 468 καί
520 402 656 468 ἀπὸτοῦ
671 405 796 482 τείχους
807 403 960 482 ἐμοιχοντο
973 395 1053 479 πρὸς
1065 393 1317 470 τούςἸανυΐσυς

212 507 308 584 ἀξίως
328 505 438 589 λόγου·
468 508 523 569 καί
545 503 587 578 ως
604 504 798 590 προσέβαλον
816 504 859 586 τῷ
877 504 976 580 τείχει
992 497 1053 562 ἀπὸ
1074 497 1233 562 τύννεαῖν
1255 499 1319 560 καί

212 607 382 690 ἐπειρῶντο
397 608 486 690 ἐλεῖν,
500 607 558 668 urire
573 601 731 686 ἠδύναντο
743 601 889 683 ἐπιβῆναι
911 600 971 663 τού
986 599 1119 680 τείχους,
1142 597 1316 676 ἀμυνομέ.

212 730 275 770 νων
293 703 516 787 τῶνἙλλήνων
538 699 618 766 κοτά
634 699 669 764 τὸ
683 693 844 782 καρτερόν.
859 696 1007 779 ἐνταῦθα,
1029 697 1071 772 ἀς
1085 695 1180 760 ούάἐν
1196 696 1317 769 αάτοῖς

212 803 398 887 προυχώρει,
422 801 587 887 ἀιὲστησάν
606 823 640 865 τε
660 799 715 864 καί
740 797 893 862 ἀπέπλεον
912 795 966 862 ἐπί
983 799 1128 870 Ἰταλίας.
1153 793 1174 879 ἢ
1195 797 1342 876 με’ντοιε,

184 920 188 936 ’
213 901 303 978 πόλις
322 906 385 968 τάν
404 905 544 970 ’ίανυΐων
565 902 626 984 η“Γ
624 897 738 982 αλατίη
752 899 894 977 ἐπολέμει
909 894 964 961 ἐπί
974 895 1091 977 συχνόν
1100 919 1171 959 τινα
1190 893 1316 980 χρόνον

213 1008 258 1091 τῷ
279 1006 457 1092 Βυζαντίῳ,
478 1003 535 1068 καί
553 997 738 1085 τηλεβὸλους
764 996 796 1076 ἐξ
818 994 962 1079 ἀλλήλων
984 997 1017 1059 οῗ
1036 1018 1070 1059 τε
1084 989 1232 1078 Ἕλληνες
1253 993 1318 1057 κατ’

215 1101 244 1168 οἱ
262 1106 297 1171 ἐκ
317 1105 373 1168 τού
393 1099 538 1168 Γαλάτου
560 1105 716 1181 ἐνέβαλον,
737 1094 829 1162 ύπότε
851 1100 905 1160 καί
926 1091 1143 1178 ύΛεαντάρης
1162 1094 1316 1178 Ἰωάννης

182 1207 259 1292 λιτῷ
278 1201 375 1284 τείχει
395 1205 450 1284 τῆς
470 1203 631 1275 Γαλατίας
652 1199 799 1284 σφοδρῶς
819 1193 1012 1263 ἐπεισποσύν
1034 1195 1199 1259 ἀπέκλεισε
1220 1192 1314 1258 ταύ-

214 1329 279 1388 την,
298 1307 505 1387 στερηθεῖσαν
526 1299 642 1374 παντύς
662 1298 826 1384 τραφίμού
844 1294 899 1361 καί
912 1297 975 1361 τῶν
996 1289 1111 1360 ἀλλων.
1155 1293 1209 1357 καί
1229 1299 1312 1358 πολ·
1322 1313 1357 1364 ιο

112 1412 143 1464 v.
157 1397 289 1479 λλλλὸύς
311 1406 374 1468 τοῖν
403 1400 465 1466 ἀπὸ
488 1403 550 1468 τούι
572 1403 654 1484 νηῶν
676 1401 737 1464 τάν
759 1391 901 1463 Ἰανυίων
923 1392 1108 1478 ἐπιδραμών
1128 1385 1220 1467 οὗτος
1244 1418 1312 1456 τια-
1356 1475 1357 1496 ρ

215 1505 315 1586 τέσχε,
337 1505 392 1566 καί
410 1505 483 1582 μεθ’
502 1499 647 1566 ἀλύσεων
660 1501 704 1586 τῷ
720 1503 850 1580 βασιλεῖ
865 1496 990 1582 Ἰωάννη
1012 1485 1079 1560 ὄντι
1096 1492 1129 1558 ἐν
1148 1495 1193 1579 τῷ
1215 1491 1312 1591 οἰκή-

214 1627 296 1684 ματι
317 1604 376 1666 τού
395 1600 506 1674 Ξσλλοῖ
526 1601 752 1684 προσεκὸμισεν
781 1593 859 1662 ιύσιί
883 1600 1096 1680 τριακοσίους,
1120 1591 1312 1678 προσευρών

214 1701 344 1777 τούτους
364 1703 397 1766 ἐν
417 1705 460 1787 τῷ
479 1699 600 1784 χάρακι
619 1701 674 1763 τού
695 1699 725 1760 Γ
724 1697 849 1760 αλάτου.
872 1693 952 1775 μετά
973 1700 1072 1760 ταῦτα
1096 1697 1310 1776 διαπρεσβευ-

214 1801 346 1883 οάμενσι
369 1799 449 1884 πρὸς
466 1797 620 1884 ἀλλήλους
641 1801 715 1880 περί
726 1819 760 1860 τε
780 1799 842 1860 των
866 1793 926 1872 ἐξω
948 1795 1097 1875 ἀμπέλων
1117 1799 1174 1858 τού
1197 1796 1227 1858 Γ
1225 1795 1308 1856 αλά-
1322 1811 1350 1860 15

215 1925 270 1966 του
292 1905 349 1967 καί
374 1904 449 1986 περί
467 1903 529 1964 τοῖν
561 1898 756 1982 τιυυμερκιλυν
785 1898 914 1982 asianis,
947 1891 1031 1972 ὅπως
1051 1897 1271 1980 συγκατατεθῇ
1294 1889 1311 1956 ὁ

214 2000 375 2086 βασιλεύς,
399 2004 650 2083 συγκατένευσον
669 1999 698 2062 oi
717 1998 855 2078 Ἰανυΐοι,
875 1995 1125 2078 ἀποχαρίσαντες
1144 1997 1201 2058 καί
1218 1997 1309 2075 μάλ-

219 2107 273 2165 λον
292 2105 336 2187 τῷ
356 2106 487 2181 βασιλεῖ
510 2101 684 2182 χρυσίνους
709 2099 833 2180 χιλίους
868 2098 992 2181 φθορᾶς
1023 2094 1112 2159 ἕνεκα
1134 2099 1193 2158 τοῦ
1213 2095 1249 2158 ἐν
1270 2097 1311 2180 τῇ

120 2213 146 2265 Ρ.
158 2203 365 2287 ιῡλβοσιλικῇ
387 2201 535 2282 πύργου,
567 2201 613 2271 είς
644 2195 680 2260 ὃν
707 2195 736 2262 οἱ
766 2198 891 2262 torvior
916 2194 1093 2279 τηλεβόλοις
1121 2192 1310 2278 ἐχρήσαντο,

220 2304 275 2366 καί
293 2304 353 2365 ταῖν
384 2297 595 2382 ἐργαστηρίων
619 2301 680 2362 τῶν
708 2301 741 2362 ἐν
763 2301 800 2382 τῇ
820 2301 918 2384 μέση,
942 2297 975 2371 ἐξ
1004 2288 1048 2358 aiv
1070 2294 1349 2381 ἐχαλάσθησαν,οο

220 2403 274 2464 καί
293 2398 350 2482 τὴν
373 2400 512 2484 σημαίαν
531 2396 636 2482 αἴρειν
654 2401 712 2461 τού
733 2400 888 2480 βασιλέως
904 2393 1066 2480 Ἑλλήνων.

291 2585 318 2640 8.
335 2585 397 2655 τοῦ]
416 2589 474 2640 τάν
491 2585 536 2637 BT
626 2581 667 2634 14.
686 2581 748 2658 τοῦ]
767 2583 862 2640 τάνλλ

226 2772 413 2844 expugnaturi.
457 2777 486 2822 at
509 2772 629 2838 Byzantii
647 2771 809 2825 resistebant
826 2772 947 2834 fortiter,
966 2779 994 2823 et
1012 2788 1044 2823 ex
1062 2789 1135 2822 muro
1155 2773 1183 2824 in
1203 2771 1309 2824 bostem

226 2843 383 2915 pugnabant
400 2858 494 2910 magna
512 2844 604 2909 gloria.
623 2845 767 2896 lanuenees
783 2860 843 2894 cura
862 2851 1025 2894 conarentur
1036 2860 1068 2892 en
1082 2843 1197 2894 navibus
1214 2861 1309 2895 ascen·

226 2915 290 2968 (lere
309 2917 338 2966 iu
355 2915 472 2976 moenia,
489 2913 559 2966 nihil
583 2913 749 2967 efficiebant:
776 2916 893 2982 Byzantii
913 2916 983 2966 euim
1001 2914 1091 2966 hostes
1115 2931 1209 2984 magna
1231 2917 1309 2968 lorti·

228 2985 322 3040 tudine
342 2983 520 3054 repellebant.
557 3001 616 3036 curn
632 2985 715 3052 igitur
733 2995 829 3056 coepta
850 3003 943 3056 parum
962 2986 1142 3049 auceerlereat,
1162 3004 1309 3058 omnesque

226 3065 339 3108 conatus
365 3057 432 3107 irriti
459 3057 598 3118 caderent,
626 3057 655 3107 in
681 3055 875 3108 dissensionem
901 3056 1009 3108 adducti
1030 3057 1133 3108 rediere
1151 3057 1309 3110 initaliam.

225 3145 318 3180 rerum
337 3127 445 3179 Galatia
463 3128 632 3180 lanueoaiuur
651 3126 714 3178 urba
733 3127 813 3196 lougu
834 3136 955 3198 tempore
973 3129 1074 3180 bellum
1092 3131 1174 3196 gessit
1191 3133 1310 3196 cumBy—

226 3200 331 3261 aantiia,
351 3215 409 3250 eum
430 3198 557 3268 utrinque
576 3208 628 3250 taur
649 3199 768 3264 Byzantii
789 3215 868 3269 quam
887 3201 999 3252 Galatae
1018 3200 1171 3252 bornbartlia
1191 3217 1246 3254 rem
1266 3219 1309 3272 ge·

228 3277 326 3322 recent.
361 3277 390 3322 at
409 3267 557 3322 Leontares
582 3273 697 3322 loannes
715 3287 810 3338 magno
835 3271 936 3340 impetu
959 3272 989 3324 in
1007 3271 1131 3323 Galatiae
1149 3276 1256 3326 moenia
1273 3277 1310 3325 ir-

228 3357 316 3404 ruens,
336 3357 393 3392 eam
415 3339 536 3410 undique
555 3342 630 3410 quasi
647 3339 774 3408 indagine
793 3343 904 3393 cinctam
923 3343 995 3393 omni
1016 3353 1165 3396 commeatu
1185 3347 1309 3414 reliquis-

228 3430 281 3484 que
299 3413 457 3464 necesaariis
482 3411 649 3476 intercluait;
677 3413 808 3481 plurimos
838 3429 948 3484 quoquc
983 3415 1127 3467 louuenaes
1151 3417 1233 3486 cepit,
1253 3433 1309 3467 cum

228 3485 347 3536 feliciter
364 3492 391 3534 et
412 3482 519 3536 sortiter
539 3483 567 3534 in
587 3499 679 3534 eorum
699 3499 780 3534 naves
806 3483 971 3555 irrumperet.
1008 3485 1057 3536 hos
1078 3488 1182 3538 vinctos
1201 3485 1308 3536 adduxit

230 3556 265 3607 ad
287 3573 374 3624 regem
393 3555 539 3614 ioannem,
564 3554 611 3624 qui
639 3570 671 3604 aa
699 3562 858 3624 tempestate
881 3555 979 3623 agebat
1003 3559 1032 3608 in
1050 3557 1144 3625 Xyllae
1166 3556 1308 3608 domicilio.

229 3629 341 3680 fuerunt
357 3634 446 3679 autem
464 3624 563 3695 captivi
581 3641 692 3676 numero
710 3622 833 3690 trecenti,
857 3643 925 3696 quos
940 3637 1032 3680 omues
1051 3630 1079 3680 in
1100 3629 1224 3680 Galatiae
1240 3629 1308 3680 vallo

230 3707 323 3751 noctua
342 3707 407 3750 erat.
443 3706 537 3768 postea
556 3697 658 3764 legatos
688 3697 758 3748 ultro
782 3697 905 3767 citroque
927 3699 1065 3751 mittentes
1084 3716 1165 3768 super
1184 3715 1309 3751 commer-

231 3771 279 3821 ciis
297 3777 325 3820 et
343 3769 439 3832 vincia,
459 3785 528 3840 quae
547 3775 621 3819 entra
640 3766 773 3820 Galatiam
792 3777 883 3830 erant,
901 3769 1046 3821 lanueuser
1064 3781 1138 3838 grato
1156 3771 1244 3824 animo
1264 3788 1309 3824 ex·

231 3838 371 3909 cipiebant
389 3854 565 3910 quaecunque
584 3837 721 3891 statuisset
737 3837 771 3890 de
784 3839 839 3891 illis
857 3855 912 3896 ran.
949 3841 1114 3909 cogebantur
1132 3857 1241 3912 quoque
1259 3859 1308 3894 nn-

232 3925 333 3962 mernre
352 3911 407 3978 regi
425 3927 520 3962 aureos
538 3909 613 3961 mille
632 3917 740 3979 propter
760 3911 853 3960 turrim
872 3911 985 3978 regiam,
1002 3929 1080 3982 quam
1099 3921 1219 3982 ternpore
1237 3911 1309 3965 ebai-

232 3981 323 4033 diunis
340 3980 493 4034 bombardir
515 3980 683 4044 disiecerunt,
700 3997 806 4032 necnon
823 3990 934 4050 propter
952 3983 1068 4035 officinas
1086 4001 1156 4054 quae
1175 3986 1204 4035 in
1224 3985 1307 4036 medio

232 4053 338 4124 positae
357 4061 449 4116 eraut,
469 4051 635 4118 destructas,
654 4061 683 4104 ut
701 4053 782 4122 potiri
810 4061 921 4122 possent
941 4055 1057 4124 imagine
1076 4057 1226 4127 sireriguu
1244 4059 1309 4126 regis

233 4125 406 4176 Graecorum.
945 4129 952 4144 ·
