2730 4630
216 256 290 334 που
492 263 659 330 manser
690 261 1074 330 cutneoconoustn

216 419 274 503 τὴν
295 415 410 502 οἷρχὴν,
431 419 624 498 μετεμέλησέ
645 439 679 480 τε
699 416 812 480 αὐτίκα
836 415 891 478 καί
913 415 970 478 odor
993 413 1131 503 ἔφασκεν
1143 416 1228 482 ι’ίνοιι
1252 413 1314 500 ἔτι,

116 531 144 584 Ρ.
156 528 207 582 128
215 515 258 602 μὴ
282 514 508 600 ἐπιτρεπόντων
538 519 599 581 τῶν
628 519 683 598 τῆς
701 515 810 597 χώρας
832 509 979 595 ἀρίστων.
1030 513 1181 600 διηλλάγη
1201 519 1314 596 μέντοι

216 620 272 682 καί
300 619 339 702 τῇ
369 618 496 698 γυναικί
523 613 602 697 μετοὶ
634 619 760 696 ταῦτα,
791 617 846 678 καί
864 612 954 696 ,ἐβίου
976 611 1076 697 ἡδέως
1097 614 1201 678 συνών
1226 614 1314 700 αὐτῇ

215 719 274 782 τοῦ
295 719 417 780 λοιποῦ.
472 713 488 780 δ
520 718 629 796 μέντοι
658 711 809 797 Ἑλλήνων
838 712 988 796 βασιλεὺς
1015 715 1094 797 πρός
1114 738 1148 777 τε
1176 713 1233 778 τόν
1252 718 1311 796 τῆς

212 819 364 902 Ἠπείρου
384 811 521 900 ἡγεμόνα
543 811 596 878 τὸν
616 811 786 898 Κόρουλον
805 815 942 894 πόλεμον
964 811 1115 897 ἐξήνεγκε,
1137 818 1192 878 καί
1212 819 1333 878 lata-e

216 923 342 998 ρεντίοιν
360 919 417 999 τῆς
438 910 570 989 Ἤλιδος
587 911 781 998 μητρόπολιν
814 909 999 994 ἐπολιόρκει.
1049 919 1118 990 μετ’
1150 915 1190 976 ου’
1206 913 1311 978 πολόν

218 1019 253 1082 δέ
272 1015 398 1101 χρόνον,
423 1014 466 1092 aig
489 1017 582 1080 addis
605 1013 691 1100 αὐτῷ
704 1015 879 1096 προεχώρει
894 1016 1121 1096 πολιορκοῦντι,
1142 1013 1309 1096 ἡρμόσατο

216 1115 274 1201 τὴν
298 1118 492 1200 α’δελφιδοῦν
524 1112 696 1197 ἡγεμόνος,
728 1112 915 1195 Λεονόρδου
940 1115 975 1178 δὲ
995 1117 1168 1195 θυγατέρα,
1193 1115 1248 1176 ἐπί
1267 1116 1310 1198 τῷ

215 1211 347 1304 όδτλφηλ
359 1217 599 1302 Κωνσταντίνιρ,
620 1209 701 1278 aiore
721 1212 776 1276 καί
796 1211 816 1295 ἡ
837 1211 928 1286 πόλις
947 1207 1029 1295 αότη
1050 1211 1147 1296 ἐδόθη
1169 1214 1255 1299 αὐτῷ
1274 1213 1308 1288 ἐς

215 1312 342 1400 φερνήν.
405 1315 460 1376 καί
497 1311 647 1394 βασιλεός
679 1307 834 1394 Ἑλλήνων
868 1309 1043 1392 ἐπολιόρκει
1078 1308 1217 1394 Πάτρας
1249 1314 1345 1393 ariell

209 1407 362 1496 Ἀχαίας,
383 1408 462 1494 μετό
486 1414 520 1476 δέ
536 1415 637 1476 codro
660 1409 840 1475 καταλιπων
860 1410 916 1475 τόν
931 1408 1072 1495 α’δελφόν
1095 1410 1197 1474 ου’τοό
1212 1414 1306 1474 Kosa.

211 1522 370 1577 σταντῖνον
394 1501 492 1599 ᾤχετο
513 1511 676 1574 α’ποπλέων
696 1513 748 1574 ἐπί
760 1509 950 1588 Βυζαντίου.
985 1511 1029 1597 τῷ
1048 1513 1154 1590 μέντοι
1176 1509 1306 1595 α’δελφηῖ

182 1613 311 1676 aaaron
333 1607 563 1698 Kauvurasrrsvrp
587 1609 630 1686 ὥς
659 1608 697 1674 τό
721 1613 797 1694 περί
815 1607 874 1694 τὴν
892 1607 982 1672 πόλιν
1004 1611 1228 1694 προσεχώρησε
1251 1610 1304 1672 καί

212 1715 387 1794 πολιορκοόν
419 1711 478 1774 adse
509 1709 589 1774 α’νίει
617 1705 673 1791 τὴν
699 1711 809 1794 πόλιν,
830 1711 1031 1774 συντίθενται
1052 1706 1081 1773 οἱ
1103 1713 1159 1791 τῆς
1179 1708 1299 1782 πόλεως

212 1805 325 1894 ἄνδρες
345 1812 517 1893 προδοσίαν
541 1809 634 1897 ου’τηό,
656 1809 710 1874 καί
731 1809 917 1890 ἐπαγόμενοι
938 1809 996 1891 τὴν
1016 1807 1107 1872 πόλιν
1128 1811 1352 1892 παρεδίδο-λυ

210 1935 281 1993 σαν,
304 1909 437 1984 ἀπόντος
454 1910 513 1972 τοό
532 1907 706 1991 α’ρχιερίως
718 1902 815 1991 odaria
835 1905 869 1972 ἐν
889 1909 1012 1995 Ἰταλίᾳ,
1036 1903 1109 1972 ὅσον
1124 1909 1302 1990 διατρίβον-

209 2033 261 2086 τος
280 2006 403 2094 χρόνον,
428 2005 610 2089 ἐπικουρίας
642 2006 789 2088 δεόμενον
819 2003 906 2090 παρό
927 2011 983 2072 τοῦ
1001 2007 1167 2088 Ῥωμαίων
1191 2010 1301 2090 eiplac-

209 2115 301 2192 ρέιος.
344 2106 461 2192 ταύτην
487 2109 546 2188 μὲν
578 2100 634 2170 adv
654 2106 711 2190 τὴν
730 2105 820 2172 πόλιν
848 2110 903 2189 τῆς
924 2108 1062 2190 Ἀχαΐας
1083 2104 1112 2171 οἱ
1137 2108 1200 2170 α’πό
1224 2111 1300 2172 lca.
1351 2127 1352 2154 ι

209 2209 280 2284 λίος
294 2206 537 2290 Πελοποννήσου
558 2205 716 2288 ἡγεμόνες,
738 2209 795 2269 τοῦ
816 2206 984 2288 Ζαχαρίου
1005 2203 1092 2270 οἴκου
1115 2208 1261 2286 διιόντες,
1282 2207 1299 2269 δ

208 2311 269 2389 μὲν
289 2299 397 2390 ἄρχοιτ
413 2329 447 2372 τε
469 2309 523 2370 καί
544 2301 668 2388 ἡγεμοόν
685 2308 879 2390 κατελείφθη
899 2311 955 2389 τὴς
976 2306 1096 2388 χώρας,
1116 2311 1159 2394 τῷ
1179 2309 1216 2371 δέ
1237 2303 1339 2370 ἑτέ-λθ

209 2430 255 2494 ρῳ
278 2409 470 2490 διατρίβοντι
493 2405 579 2488 παρὰ
610 2407 652 2492 τῷ
667 2405 834 2484 Ῥωμαίων
863 2408 1011 2487 α’ρχιερεῖ
1027 2407 1142 2490 ταύτην
1161 2409 1299 2470 ἐπέδωκε

210 2503 267 2590 τὴν
289 2501 379 2570 πόλιν
398 2506 546 2588 α’ρχιεριῑ
572 2509 725 2593 γενομένῳ
760 2501 986 2591 ἐπιτροπεύειν.
1041 2507 1187 2590 ἡμέντοι
1211 2505 1301 2582 πόλις

284 2680 326 2733 13.
348 2677 381 2735 od
401 2678 604 2753 πραεχιόρηαιῖ

209 2853 352 2906 confestim
382 2869 444 2904 enm
468 2853 558 2922 coepti
577 2853 724 2922 poenituit,
741 2870 791 2906 nec
814 2854 928 2924 amplius
950 2871 979 2906 se
999 2869 1081 2923 regno
1099 2869 1235 2906 cessurum
1255 2853 1297 2904 di.

210 2925 304 2978 cebat:
325 2925 400 2990 regni
419 2924 489 2975 esaim
511 2940 633 2992 proceres
655 2925 688 2976 ab
704 2926 754 2976 isto
775 2925 845 2976 vitae
865 2927 1004 2994 proposito
1024 2941 1110 2994 regern
1130 2923 1297 2978 dehortaba-

211 2996 318 3048 bantur.
365 2993 462 3045 dehinc
484 2995 564 3046 etiam
583 2997 679 3058 uxori,
698 2997 742 3045 cui
762 2995 941 3065 implacabilis
969 3005 1044 3059 erat,
1064 3005 1173 3064 propter
1195 2996 1297 3048 soranae

101 3068 109 3076 '
210 3065 417 3137 turpitudinem,
439 3067 635 3127 reconciliatus,
656 3067 772 3116 suaviter
784 3067 812 3116 in
831 3077 964 3134 posterum
985 3085 1043 3118 cum
1063 3068 1110 3117 illa
1128 3069 1211 3118 vitam
1232 3083 1295 3119 exe·

210 3139 257 3206 git.
294 3155 340 3188 rea
362 3137 523 3188 Graecorum
550 3136 652 3188 bellurn
680 3137 775 3188 intulit
794 3137 889 3188 Carolo
908 3139 980 3206 Epiri
1003 3138 1127 3207 principi,
1147 3147 1175 3189 et
1193 3140 1296 3188 exerci-

209 3208 281 3260 tibus
301 3207 461 3260 Clarentinm
480 3207 563 3264 Elidis
582 3209 752 3278 metropolim
769 3209 947 3260 circumsedit.
985 3226 1035 3260 nec
1051 3210 1137 3260 multo
1155 3219 1218 3277 post
1236 3227 1294 3260 curn

209 3279 285 3331 urbis
306 3279 470 3350 oppugnatio
500 3279 574 3330 irrita
595 3279 710 3341 caderet,
729 3279 819 3330 Caroli
841 3280 1042 3342 consobrinam,
1064 3279 1196 3330 Leonardi
1218 3277 1292 3330 ducis

210 3351 303 3416 filiam,
323 3351 397 3402 fratri
409 3349 587 3402 Constantino
605 3366 716 3402 uxorem
726 3349 811 3412 dedit,
830 3349 880 3401 hac
898 3359 987 3402 tamen
1006 3349 1172 3413 conditione,
1193 3359 1225 3402 ut
1244 3349 1293 3400 do-

211 3423 245 3474 tis
265 3424 373 3474 nomine
394 3421 573 3473 Constantino
598 3423 659 3471 urbs
677 3423 727 3473 ista
747 3421 905 3472 traderetur.
949 3429 1042 3490 postea
1065 3421 1142 3472 duxit
1160 3423 1293 3472 exercitus

211 3502 303 3546 contra
333 3495 421 3545 Patras
440 3491 555 3542 Achaiae
580 3491 689 3556 urbem,
708 3509 788 3562 quam
812 3492 955 3544 obsidione
973 3490 1156 3544 circumdedit
1194 3489 1293 3542 deinde

212 3567 306 3617 relicto
325 3565 406 3616 fratre
423 3563 609 3626 Constantino,
628 3564 670 3614 cui
693 3563 766 3614 urbis
788 3565 1015 3634 oppugnationem
1032 3561 1181 3622 mandarat,
1198 3580 1291 3614 narem

211 3635 382 3696 conscendit,
408 3643 435 3685 et
456 3634 609 3701 Byzantium
636 3634 825 3704 proficiscitur.
873 3651 932 3685 curn
957 3635 1071 3686 multum
1091 3635 1143 3684 iarn
1164 3635 1292 3703 temporis

210 3706 351 3756 moenibus
371 3704 444 3756 urbis
462 3703 613 3766 assedisset,
635 3723 685 3756 nec
702 3713 790 3756 tamen
812 3704 874 3755 urbs
895 3708 922 3756 in
940 3723 1033 3758 aranas
1050 3705 1178 3767 venisset,
1199 3705 1291 3774 prodi·

210 3775 293 3826 tionis
312 3778 425 3828 consilia
442 3774 570 3844 oppidani
589 3793 647 3826 curn
662 3776 837 3826 Constantino
858 3775 1004 3842 agitabant.
1041 3775 1136 3828 aberet
1157 3777 1229 3826 enirn
1249 3793 1293 3826 ur·

209 3844 252 3896 bis
268 3847 428 3916 episcopus,
447 3847 584 3916 proiectus
609 3847 636 3896 in
656 3846 759 3896 ltaliam
782 3847 877 3898 auxilii
901 3847 1011 3916 petendi
1032 3849 1131 3916 gratia;
1150 3856 1179 3898 et
1200 3847 1291 3914 longas

209 3914 249 3966 ibi
269 3917 364 3984 agebat
387 3933 495 3980 moras,
514 3926 545 3970 ut
564 3933 578 3967 a
597 3919 724 3987 pontifice
749 3917 777 3967 id
796 3917 937 3986 acciperet.
974 3918 1043 3970 hanc
1064 3918 1180 3970 Achaiae
1200 3917 1291 3968 urbem

209 3986 297 4038 Italici
315 3989 457 4058 principer,
481 3990 528 4058 qui
543 3987 754 4058 Peloponnesum
769 3987 906 4054 regebant,
925 4006 957 4040 ex
977 3990 1077 4040 familis
1089 3989 1290 4041 Malatestaram

209 4057 272 4120 orti,
291 4067 472 4126 occupantes,
500 4075 581 4108 unum
609 4058 718 4128 quidem
744 4058 877 4111 dederunt
900 4059 962 4110 urbi
987 4061 1152 4130 principem:
1176 4061 1289 4114 alterurn

208 4129 355 4198 elegerunt,
369 4128 415 4200 qui
434 4145 492 4182 earn
510 4127 710 4184 administraret
731 4138 759 4182 et
777 4147 881 4200 semper
892 4133 1039 4184 Romanurn
1056 4131 1212 4202 pontificem
1230 4149 1288 4184 mo-
