2754 4632
343 279 398 344 DE
432 279 561 344 RRBUS
589 276 779 344 wuctcrs
807 281 844 342 L.
858 279 943 344 vm.
1102 265 1176 344 429

73 428 205 520 ῶνόρας
222 431 302 498 κατό
332 427 391 514 τὴν
421 425 516 510 όόόν,
533 419 554 516 ᾗ
573 424 703 510 ἔμελλον
724 429 891 509 διεξιέναι,
911 429 1034 494 όνελεόν
1055 424 1176 504 αότοός

74 530 244 613 ἅπαντας,
273 527 329 594 καὶ
350 521 433 594 οὕτω
457 531 657 612 τραπομένου
686 529 745 592 τοῦ
766 525 998 613 αὐτοκράτορος
1013 525 1178 606 Ῥωμαίων

75 638 113 710 ές
135 629 278 718 τὴντῶν
297 630 461 712 πρέσβεων
480 625 614 712 ἔρευναν
642 617 738 699 αὖθις
757 628 791 702 ές
807 626 949 708 πόλεμον,
961 623 1179 698 καταστάντας

78 737 198 821 φέρειν
216 723 380 813 ἇλλὴλους.
421 729 527 792 ταῦτα
549 729 609 806 μέν
634 724 673 810 dri
697 719 782 792 οότω
801 729 949 810 γενέσθαι
969 728 1092 808 λέγεται
1113 719 1176 788 α’πό

49 837 149 900 ὁτῶν
184 828 339 898 Παιόνων
366 831 400 904 ές
433 825 509 903 roric
537 829 569 892 Γ
566 825 722 911 ερμανοός
750 849 785 892 τε
821 825 878 894 καὶ
913 825 1014 892 αότόν
1042 825 1177 908 βασιλέα

69 924 265 1016 Ἄλβερνον.

171 1031 284 1096 Ταῶεα
303 1031 362 1110 μέν
381 1026 417 1092 έν
435 1023 518 1092 ἔτεσι
540 1024 624 1092 πόνυ
645 1021 761 1110 όλέγοις
780 1027 913 1109 ἐγένετο.
955 1023 1011 1090 διὰ
1032 1020 1069 1120 riq*
1094 1021 1177 1088 ταό-

76 1153 137 1214 την
164 1127 222 1214 τήν
250 1125 410 1214 διαφορὰν
436 1129 585 1210 γενέσθαι
611 1127 668 1212 τὴν
702 1128 737 1191 έν
756 1125 897 1214 Μαντόῃ
927 1127 986 1194 roei
1011 1124 1177 1206 Ῥωμαίων

77 1229 260 1314 α’ρχιερέοις
279 1225 406 1292 δι’σιταν
424 1221 716 1311 προσκαλεσάμενοι
735 1228 798 1292 τῶν
811 1247 847 1290 τε
865 1221 994 1312 Ἰβήρων
1012 1223 1069 1291 καό
1087 1227 1208 1292 etse-u

32 1342 70 1396 to
80 1333 149 1395 τῶν
168 1331 326 1411 βασιλέοιν
345 1326 400 1392 κατ’
419 1321 581 1410 ἡγεμόνοιν
601 1327 657 1391 κατ’
671 1327 848 1410 Γερμανῶν
867 1329 932 1416 ιιαόΙ
944 1326 1099 1394 Παιόνων
1122 1329 1178 1392 καί

77 1433 147 1494 τῶν
163 1425 243 1492 κατὰ
263 1427 321 1511 τήν
339 1425 471 1492 Ἰταλίαν
488 1424 664 1510 ἡγεμονιῶν
685 1423 742 1492 καὶ
758 1426 933 1492 πολιτειῶν.
975 1427 1031 1492 καί
1052 1426 1177 1503 ἐπεξελ-

79 1527 154 1594 θῶν
173 1527 237 1593 α’πό
261 1531 318 1612 τῆς
333 1525 461 1610 Ῥοόμης
491 1524 524 1601 ές
544 1523 703 1611 Mentire
731 1525 787 1610 τὴν
813 1523 947 1592 σόνοόον
979 1517 1177 1614 έποιεΐτο,ᾗ

80 1626 121 1713 δὴ
147 1628 351 1710 συνελέγοντο
383 1622 524 1700 ῶπαντες
552 1619 585 1689 οἶ
606 1627 671 1690 τῶν
696 1617 851 1708 ἑσπερίων
882 1625 1042 1707 βασιλέων
1057 1647 1091 1691 τε
1122 1624 1178 1692 end

79 1722 243 1812 ἡγεμόνων
263 1729 418 1809 πρέσβεις.
465 1727 622 1808 προέθετο
648 1727 798 1809 περὶτῆς
819 1725 998 1808 Μεχμέτεω
1018 1729 1175 1807 βασιλέως

36 1847 73 1899 15
85 1829 234 1912 Τοόρκων
254 1829 482 1910 καθαιρέσεως,
503 1821 558 1890 κατ’
577 1825 702 1892 ἐκέλευε
712 1821 838 1912 ,repre
856 1824 1097 1911 α’ποφαόνεσθαι
1116 1827 1173 1891 ἕνα

81 1925 215 1992 ἕκαστον
241 1929 304 1991 τῶν
328 1927 493 2009 παρόντων
513 1925 677 2009 πρέσβεων
697 1923 780 2010 όπέρ
812 1927 875 1990 τῶν
895 1925 1059 2010 σφετέρων
1077 1927 1212 2005 βασι-ν.
1224 1941 1275 1996 17ss

81 2029 163 2092 λέων
180 2047 215 2090 τε
233 2027 290 2090 κατ’
316 2023 487 2108 ἡγεμόνων.
536 2025 592 2088 κατ’
619 2023 793 2106 όπέσχοντο
819 2019 860 2106 όν)
877 2023 1035 2088 »orator
1064 2019 1173 2105 εἶμέν

81 2127 191 2192 οὔτῶν
208 2122 361 2210 χρήματα
382 2121 411 2190 oi
434 2125 470 2188 όέ
487 2121 543 2188 καὶ
561 2115 684 2207 ῶνόρας
703 2125 928 2206 συμβαλέσθαι
949 2125 982 2198 ές
1001 2123 1056 2188 τόν
1075 2123 1171 2188 πόλε-

81 2247 145 2306 μον
163 2222 267 2290 τόνόε.
306 2221 386 2290 ἔνθα
416 2222 455 2308 όν)
490 2220 546 2309 τὴν
575 2220 708 2308 όνκότην
740 2225 805 2288 τῶν
832 2217 996 2306 προσόδων
1026 2223 1169 2288 ἐδέδοκτο
1178 2233 1202 2287 Ρ.
1214 2231 1267 2286 228

37 2323 171 2410 οοκοινῇ
192 2319 357 2401 ἐξελέσθαι
376 2319 505 2389 πόντων
521 2325 588 2390 τῶν
603 2324 649 2400 εἰς
667 2322 724 2406 τήν
743 2317 900 2406 ἱερατείαν
915 2315 1096 2402 τελούντων,
1114 2319 1172 2386 κατ’

81 2419 163 2489 ἅττα
186 2425 214 2488 δ’
233 2419 273 2488 όν
292 2427 355 2490 τῶν
375 2421 550 2509 χρημάτων
568 2421 801 2510 συναθροισθῇ,
821 2423 854 2498 ές
868 2419 921 2487 τόν
940 2416 1077 2504 πόλεμον
1094 2425 1170 2488 ποό-

81 2545 133 2588 τον
153 2518 406 2604 α’ποτόττεσθαι,
431 2525 486 2588 καί
505 2515 586 2588 οὕτω
607 2513 726 2605 ἄνδρας
745 2523 778 2598 ές
796 2519 835 2588 τό
857 2522 990 2587 τοιαῦτα
1010 2517 1167 2601 έτόξαντο.

150 2695 177 2784 ⁴:
194 2694 276 2820 ᾇγιξιν
292 2699 340 2750 καλ
357 2695 474 2769 pipere?
559 2695 586 2750 9.
603 2701 734 2770 πρέσβεις
749 2697 1036 2774 πρασααλεσαμένουέ
1125 2699 1167 2754 16.

152 2785 208 2822 υπο

83 2929 237 2982 decrerirre.
274 2945 366 2980 rernm
390 2937 454 2982 runt
475 2931 523 3001 qui
553 2931 663 2984 trudent
687 2931 828 2984 Pennoner
853 2930 970 3002 benigne
996 2933 1167 3006 reepondiree

84 3001 185 3070 legetis.
221 3009 357 3054 coeterum
376 3001 472 3068 legatie
494 3003 690 3056 revertentibus
711 3001 746 3052 ed
764 3019 862 3070 regem,
879 3018 895 3054 a
915 3021 969 3074 quo
987 3007 1062 3058 mirei
1081 3015 1167 3070 erent,

84 3071 263 3124 rubornerunt
283 3073 356 3124 viror
374 3073 421 3142 qui
447 3087 494 3124 eoe
515 3073 544 3125 in
560 3075 604 3125 ria
622 3089 676 3143 qun
693 3073 808 3142 proiecti
828 3081 920 3134 erent,
939 3091 972 3127 ex
997 3077 1103 3129 ineidiie
1117 3075 1168 3130 ed·

85 3144 217 3196 orirentur
233 3151 262 3194 et
278 3151 415 3194 necarent.
453 3143 527 3214 qnod
546 3143 655 3214 quidem
672 3143 793 3211 contigit.
829 3143 975 3213 imperetur
992 3163 1052 3200 cum
1069 3147 1105 3200 ed
1123 3149 1167 3200 in-

84 3213 254 3284 quisitionem
279 3212 427 3282 legatorum
456 3223 667 3279 converteretur,
686 3215 777 3266 effecit
797 3221 829 3266 nt
848 3215 947 3268 iterum
973 3215 1077 3270 bellom
1096 3219 1169 3272 inter

83 3285 153 3406 ippror
172 3285 323 3336 exoriretur
341 3292 369 3336 et
386 3284 502 3354 graviter
519 3301 548 3338 ee
573 3293 667 3340 mutuo
696 3285 851 3353 affligerent.
887 3294 916 3340 ot
935 3287 1002 3340 hoec
1022 3287 1131 3359 quidem
1151 3304 1169 3340 e

104 3353 253 3407 ennoniboe
280 3362 373 3408 contre
388 3357 538 3408 Germanou
567 3364 596 3409 et
616 3357 756 3409 elbertum
787 3357 824 3408 im
844 3365 976 3410 eretorem
1003 3358 1076 3412 seete
1109 3375 1168 3412 eree

83 3425 237 3493 truduntur3
264 3441 335 3497 quae
352 3427 481 3496 proferto
506 3427 599 3496 pnoeir
616 3429 695 3480 ennio
711 3429 815 3480 interce
835 3428 944 3480 entibue
964 3431 1109 3500 contigere.

149 3513 258 3584 Propter
282 3515 359 3568 irtnm
385 3513 545 3566 dierordinm
573 3515 666 3568 ierunt
689 3517 838 3568 Romanum
862 3516 1019 3586 pontificem
1046 3518 1122 3570 Pinrn
1139 3517 1166 3571 11

84 3583 208 3636 Mentore
226 3585 321 3652 ερίιιε,
337 3593 478 3638 verentem
488 3585 626 3638 iberorum
644 3593 672 3638 et
682 3585 824 3638 Gallorum
842 3603 916 3654 rege·
935 3595 964 3640 et
981 3586 1062 3641 dueee
1079 3589 1164 3658 megi-

84 3663 233 3725 etretueque
263 3671 312 3725 per
338 3655 463 3718 italiam,
479 3663 619 3726 praeterea
637 3655 719 3708 dueer
738 3659 931 3710 Germanorum
951 3665 980 3710 et
997 3659 1161 3713 Pennonnm.

85 3742 197 3794 egreeeue
216 3728 298 3778 Rome
317 3727 474 3788 Mortuum,
492 3743 547 3796 qno
566 3727 712 3779 coneiiinm
729 3727 880 3788 indixerat,
898 3725 927 3778 id
945 3728 1047 3782 ibidem
1063 3747 1164 3783 conee-

85 3797 209 3848 iebrobrt.
228 3796 281 3848 hue
298 3797 498 3850 conveniebeut
511 3797 728 3850 Occidentalium
747 3814 838 3865 regum
857 3805 885 3850 et
902 3799 1054 3870 principum
1073 3801 1166 3868 iegati,

84 3875 110 3920 et
128 3869 327 3921 coneultobetur
346 3867 482 3938 quomodo
503 3869 652 3921 Turrorum
680 3886 726 3920 rex
750 3867 915 3921 ideehmetee
934 3870 1007 3923 ieret
1021 3871 1164 3926 debellen-

84 3937 137 3990 due.
169 3940 288 4008 ninguine
310 3941 413 4007 legator
432 3955 520 4006 regum
540 3947 568 3991 et
585 3939 754 4012 principum,
773 3952 887 4010 quorum
905 3943 1065 3995 auctoritate
1089 3945 1163 3996 mirri

85 4017 161 4072 erent,
180 4012 342 4063 eeutentinm
363 4025 519 4082 expromere
536 4007 657 4062 iubebat.
687 4010 804 4084 'quidem
814 4012 964 4080 pecuniam,
983 4013 1092 4082 quidem
1112 4017 1163 4066 mi·

85 4079 141 4132 liter
157 4095 184 4132 re
205 4081 233 4133 in
251 4098 309 4134 eum
321 4082 521 4152 expeditionem
540 4081 687 4133 collaturor
707 4081 917 4150 pollicebantur.
952 4083 1096 4136 Decretum
1120 4092 1163 4136 ret

85 4161 113 4204 ut
136 4150 253 4205 deeimne
284 4153 418 4206 redituum
443 4153 580 4216 omniurn,
609 4161 638 4206 et
660 4151 881 4223 quinquagesima
897 4170 960 4226 pere
978 4171 1072 4214 eorum
1090 4171 1161 4227 quee
