2696 4616
309 277 364 340 Dii
391 277 521 340 uentis
544 272 735 340 wuctcrs
761 275 797 336 L.
811 275 851 338 X.
1047 264 1119 337 555

34 423 149 490 oraim
179 418 281 506 ἐοιμεν
302 431 359 511 τῆς
376 425 513 512 χνιόμης,
535 425 618 507 ἐμοῦ
639 429 675 490 δὲ
701 422 876 509 ἐγχειρίσαι
896 421 970 507 περί
987 421 1043 488 τόν
1063 421 1121 488 πό-

34 527 146 605 εμον.”
197 529 300 590 ταῦτα
331 524 428 593 είποόυ
465 526 521 594 arni
553 524 876 610 παρασκευασόμενος
905 525 946 588 τό
968 525 1122 608 χρήματα

33 627 151 700 δέξατο
173 628 206 701 ἐς
230 629 418 710 δισμυρίους
438 631 493 692 καί
523 623 796 708 πεντακισχιλίους
815 627 996 708 χρυσίνους.

106 716 214 801 Οὗτος
236 728 296 805 μὲν
324 721 382 790 οὖν
418 723 502 790 circo
541 723 799 808 παρεσκευάσατο
830 725 864 798 ἐς
891 724 945 788 τόν
971 722 1119 804 πόλεμον,

32 823 214 906 υναχείροις
237 827 273 890 δέ
294 823 477 909 στράτευμα
497 830 530 901 ἐς
558 829 746 910 δισμυρίους
767 824 822 888 κατ’
839 825 1119 904 πεντακισχιλίους,

35 923 76 990 ὁυ
100 919 234 1009 Ἴστρον
262 949 296 992 τι
328 925 458 1011 όιοιβός,
489 925 586 1012 ἐδηου
619 923 676 1010 τήν
705 927 862 1006 βασιλέως
895 922 1015 1007 χιόραν.
1064 923 1151 986 unilt

33 1023 242 1106 πιτειχισμόν
262 1029 303 1114 τῇ
324 1027 540 1114 Μπελοχρόδη
561 1025 771 1111 όΣαβατίνης
793 1027 959 1106 ἐτείχισεν,
984 1016 1037 1086 όέε
1060 1020 1120 1106 τήν

32 1129 185 1190 Ἱαισνίοιν
204 1127 354 1210 ἐληίζετο,
376 1127 433 1192 καί
453 1121 827 1212 φρουρόνέχκαιαλιποόν
841 1126 876 1190 ἐν
890 1123 978 1210 αὐτῇ,
999 1115 1119 1202 ἄνδρας

33 1227 81 1288 niv
98 1226 259 1305 βασιλέως
279 1231 418 1312 βαρῶν,
438 1227 613 1310 ἀπήλαυνε.
651 1227 744 1292 eorico
763 1226 824 1309 μὲν
844 1223 882 1309 δὴ
905 1223 941 1290 τό
963 1225 1118 1304 ἐπιτείχι-

32 1347 86 1404 ιμο
107 1317 146 1388 όν
176 1325 316 1405 μάλιστα
345 1321 497 1414 τῇσόλει
517 1325 676 1403 ἐπελάσας
701 1321 921 1410 ἐπολιόρκησε·
975 1321 1056 1406 μετὰ
1081 1323 1117 1386 δέ

33 1423 207 1508 πιδραμιόν
227 1421 283 1508 τὴν
302 1429 457 1508 βασιλέως
470 1427 581 1512 χοόραν
600 1423 672 1490 ἔστι
694 1422 748 1490 ἐπί
758 1427 896 1510 Σάββαν,
919 1422 975 1488 κατ’
995 1423 1117 1504 α’νδρα-

32 1522 231 1605 ιοδισσίμενος
258 1522 314 1608 τήν
342 1522 460 1610 χοόραν,
493 1527 689 1608 Τριβαλλοός
709 1548 743 1589 re
764 1519 833 1608 ἅμα
866 1527 923 1590 καί
945 1523 1116 1606 Τοόρκους,

32 1623 186 1709 inritavere
206 1625 246 1692 τό
268 1623 404 1707 ἔμπαλιν
428 1623 593 1710 γενόμενος
613 1623 662 1690 ἐπ’
682 1625 781 1692 οἴκου.
831 1627 955 1709 λέγεται
977 1626 1013 1688 δέ
1036 1623 1117 1688 α’πε-

32 1729 192 1808 ἐχκασθοι
213 1721 401 1808 ἀνδράποδα
419 1725 508 1812 dupe*
525 1724 564 1791 τοὶ
587 1723 752 1812 δισμύρια.

105 1824 177 1891 Καὶ
197 1823 237 1890 τό
261 1827 321 1908 μὲν
341 1827 405 1892 τεόν
423 1824 576 1892 Παιόνων
590 1823 690 1903 οὕτως
710 1829 854 1911 ἐγένετο·
898 1823 1051 1892 Ουένετοέ
1069 1825 1115 1906 δέ,
1124 1840 1193 1896 1463

32 1923 63 2000 ἐς
85 1929 142 1989 καί
161 1924 235 2003 roric
255 1922 401 2002 Παίονάς
431 1950 527 2014 σφισι
552 1925 745 2010 συμμάχους
763 1928 1016 2010 παρελάμβανον,
1036 1930 1114 2010 πλη.

32 2021 180 2098 ια’σανεες
212 2023 355 2110 τριήρεις
385 2027 479 2091 πέντε
509 2026 565 2092 καί
597 2028 766 2110 τριάκοντα
800 2027 856 2090 καί
884 2029 963 2103 νοῦς
986 2047 1021 2091 τε
1043 2020 1115 2106 ἅμα

32 2122 149 2208 λψηλός
180 2127 373 2190 δυοκαίδεκα
402 2123 512 2192 ἐπλεον
530 2127 586 2192 ἐπὶ
604 2123 859 2211 Πελοπόννησον.
909 2121 1209 2202 adiutricem?

32 2226 79 2287 ιὲν
98 2221 263 2305 Ἰταλοός,
286 2224 403 2303 ἱππέας
425 2229 622 2311 δισχιλίους,
644 2225 831 2308 ἐμβαλόντες
851 2227 885 2302 ἐς
905 2223 964 2302 τός
984 2223 1114 2311 όψηλοὶς

32 2326 99 2398 ναῦς
121 2321 351 2409 διεπόρθμευον
370 2331 404 2403 ἐς
436 2327 495 2414 τήν
517 2321 777 2412 Πελοπόννησον·
817 2325 899 2408 μετὰ
921 2327 956 2392 δὲ
978 2351 1116 2409 στρατη-

32 2420 74 2485 ιόν
91 2426 207 2490 εἵλοντο
229 2418 332 2510 ἄνδρα
352 2429 505 2512 ἐπίσημον
532 2428 587 2510 τῆς
614 2422 834 2510 Λαυρεδόνοον
856 2427 965 2508 οἰκίας,
986 2427 1115 2508 ἐδηδό-

32 2541 139 2604 υοντες
157 2527 241 2614 ουἰῷ
268 2527 305 2592 τό
327 2527 520 2613 πράγματα,
541 2531 595 2593 κατ’
620 2529 654 2604 ἐς
672 2526 731 2604 τός
749 2533 926 2612 παραλίους
951 2525 1009 2604 τός
1028 2550 1061 2593 το
1081 2524 1114 2602 ἐς

32 2825 57 2878 rb
75 2833 189 2897 utraque
207 2828 316 2894 regione
329 2831 438 2897 negotia
457 2832 482 2882 ei
502 2830 673 2894 secernamur,
691 2839 719 2885 et
735 2832 793 2902 pari
813 2831 903 2882 animo
924 2830 1032 2900 utrique
1051 2829 1108 2881 bel-

35 2915 78 2962 um
107 2896 316 2967 aggrediemur.”
357 2899 400 2952 hie
427 2899 508 2954 dictio
533 2902 687 2974 accipiebat
711 2903 807 2972 viginti
828 2903 950 2976 quinque
968 2903 1043 2953 milia
1063 2918 1112 2951 au-

32 2985 136 3021 ·eorum.
1031 2981 1033 2988 '

91 3054 196 3124 Quibus
208 3055 325 3124 acceptis
336 3053 526 3125 accingebatur
544 3060 577 3112 ad
595 3059 708 3124 bellum,
726 3075 880 3130 comparans
899 3059 1044 3112 exercitum
1063 3059 1113 3128 qui

32 3125 253 3196 :ompiectebatur
272 3127 368 3194 viginti
388 3129 510 3198 quinque
528 3133 600 3182 mitia
621 3133 747 3187 virorum.
767 3140 999 3200 transgressusque
1017 3131 1113 3182 istrum

32 3199 91 3268 egis
115 3198 250 3264 regionem
275 3198 467 3268 populabatur.
510 3202 650 3256 Sabatinca
677 3221 781 3255 murum
810 3201 940 3272 belgrado
966 3200 1113 3263 obiecerat,

32 3286 79 3338 guo
99 3270 180 3320 tutior
199 3275 278 3328 creet.
297 3287 356 3320 cum
375 3287 408 3321 ex
424 3271 558 3326 Pannonia
578 3273 690 3345 praedae
709 3283 814 3342 ageret3
832 3275 860 3325 in
878 3291 931 3343 quo
953 3271 1111 3341 relinquent

32 3340 184 3408 praesidium
202 3341 319 3392 virorum
345 3341 379 3392 ιΙο
404 3341 492 3394 ianuis
513 3344 588 3396 abiit.
633 3344 705 3398 hunc
728 3347 810 3412 igitur
828 3363 930 3394 murum
949 3359 1029 3412 quam
1047 3359 1111 3412 pro-

32 3413 94 3462 rime
111 3409 144 3462 ad
173 3411 268 3462 urbem
292 3412 423 3464 accedens
443 3418 609 3484 oppugnavit
636 3425 664 3468 et
683 3417 775 3468 diruit.
813 3413 1110 3468 dehincincureionem

32 3483 123 3538 iaciens
142 3482 168 3532 in
189 3483 257 3551 regie
276 3484 411 3550 regionem
432 3501 518 3554 neque
547 3485 581 3537 ad
602 3487 709 3548 Surum,
736 3498 764 3540 et
783 3487 978 3554 mancipiorum
997 3483 1110 3554 praedae

32 3570 113 3621 egene,
130 3554 212 3624 pulsis
235 3553 364 3606 Triballis
384 3565 411 3608 et
431 3555 544 3621 Turcie,
563 3557 669 3610 domum
689 3575 808 3612 reverens
835 3565 891 3620 eet,
910 3556 1011 3610 vehens
1032 3555 1111 3608 circi·

32 3635 68 3678 ter
84 3625 175 3694 viginti
195 3625 271 3676 milia
288 3627 492 3696 mancipiorum.

94 3713 124 3766 in
145 3712 196 3766 hoc
224 3722 296 3766 rtatn
317 3731 359 3766 ree
389 3713 549 3768 Pannonum
572 3723 657 3768 erant
693 3715 811 3777 Veneti,
837 3729 898 3766 cum
923 3715 1063 3766 Pannonee
1081 3712 1111 3764 in

32 3785 93 3836 belli
110 3785 262 3838 societatem
294 3788 451 3851 venissent,
469 3788 650 3858 impleverunt
668 3788 791 3839 triremes
809 3786 920 3854 triginta
940 3785 1061 3856 quinque
1082 3791 1111 3838 et

32 3873 104 3908 naver
122 3857 185 3908 aliae
203 3855 359 3924 duodecim
377 3857 477 3928 quibus
494 3857 589 3912 confisi
614 3856 814 3910 contenderunt
836 3858 864 3908 iu
885 3857 1108 3926 Peloponnerum.

32 3928 107 3980 itnloe
126 3936 240 3980 armatos
260 3937 288 3980 et
308 3931 413 4000 equites
432 3929 473 3981 bir
492 3929 566 3982 mille
579 3931 732 4000 impoeuere
744 3930 772 3980 in
787 3947 868 3980 naves
879 3929 958 3991 altar,
976 3937 1005 3980 et
1022 3935 1110 3979 tranr-

32 3999 152 4052 iretarunt
160 4001 189 4050 in
198 4001 430 4070 Pelleponneaum.
441 3999 476 4054 ad
486 4001 516 4054 id
528 4000 631 4054 beilum
644 4009 769 4054 crearunt
777 4003 861 4054 virum
871 4000 964 4052 ducem
975 3999 1108 4051 illustrem

32 4070 147 4122 iacobum
165 4071 199 4122 de
221 4073 321 4123 iaruiiia
340 4072 567 4134 Lauredanorum,
588 4073 630 4124 cui
651 4073 731 4126 etium
755 4073 896 4141 imperium
914 4073 944 4124 in
964 4071 1108 4122 maritimae

32 4142 143 4209 regiones
160 4141 302 4208 dederunt,
323 4143 449 4198 uidelicet
463 4145 492 4198 in
511 4161 555 4198 eae
569 4161 639 4216 quoe
655 4145 760 4198 lonium
777 4153 805 4200 et
815 4145 934 4213 Aegeum
952 4142 1107 4212 respiciunt.
