2696 4616
307 329 361 392 nn
392 327 520 392 annus
549 323 737 392 mucis
768 327 804 388 n.
826 329 879 388 tx.
1057 312 1129 390 497

27 501 148 560 προστα
170 480 229 558 μὲν
249 474 307 560 τήν
320 477 499 554 Βυζαντίου
520 474 623 554 πόλιν,
642 473 723 555 μετὰ
746 477 782 538 δὲ
804 475 908 538 ταῦτα
924 474 1133 559 Πελοπόννη-

26 575 90 640 σόν
113 598 148 642 τε
168 573 225 639 κατ’
249 578 487 658 Τραπεζοῦντος
507 575 643 655 βασιλέα
664 577 721 638 καί
742 575 854 656 χώραν
881 572 990 656 αήτήν.
1043 581 1048 592 ’

122 677 233 739 Ταῦτα
256 677 316 754 μὲν
335 676 367 747 ἐς
391 677 481 738 τοῦτο
504 676 649 756 ἐγένετο·
700 672 756 755 τήν
786 674 822 737 δὲ
860 673 1081 755 Τραπεζοῦντα
1101 669 1134 748 ἐς

27 781 150 857 μοίρας
171 772 370 858 διελόμενος,
399 770 433 836 τὸ
453 775 513 854 μὲν
535 775 609 857 παρ’
631 766 735 859 ἑαυτῷ
761 772 979 856 κατεκράτησε,
1000 773 1135 853 ποιήσας

0 871 325 953 τσιλικταριόυς-καί
345 876 587 954 σιταχαγλιίνους
615 866 747 954 ὕστερον
766 873 800 945 ἐς
818 869 874 946 τὰς
896 872 1002 967 θύρας
1024 869 1134 954 αυτοῦ,

28 973 170 1048 τούτους
197 969 356 1054 κρατήσας
383 978 460 1056 παρ’
489 969 606 1037 ἑαυτὸν
637 959 825 1056 ὖιτηρεσίαςῖ
842 972 940 1036 odiosi
968 969 1059 1036 ἕνεκα
1080 969 1137 1034 καὶ

30 1078 67 1148 ἐς
92 1070 130 1136 τοὶ
153 1072 295 1148 παιδικά,
316 1068 350 1134 τὸ
372 1072 416 1134 'dt
438 1068 607 1158 κατῴκισεν
638 1069 671 1147 ἐς
692 1069 880 1150 Βυζάντιον,
902 1073 957 1136 κου’
974 1068 1010 1134 τὸ
1029 1067 1135 1152 ἕτερον

30 1172 200 1254 πεποίηκεν
219 1169 443 1250 Ἰανιτζαρίους
460 1171 517 1232 καί
539 1168 707 1246 δουλευτὰς
730 1170 765 1232 ἐν
788 1177 927 1248 σκευαῖς,
948 1167 1135 1248 ἐπιλεξάμε-

30 1293 87 1345 νος
105 1271 224 1344 παῖδας
246 1267 460 1352 ὄκτακυσιόυς,
481 1271 536 1332 καί
556 1267 588 1344 ἐς
608 1268 665 1351 τήν
685 1272 749 1332 τῶν
768 1267 930 1354 νεηλύόων
951 1269 1041 1348 τάξιν
1060 1269 1164 1336 ἐισί-(1

7 1375 124 1447 ιξατο.
176 1368 233 1452 τήν
258 1374 366 1449 μέντοι
391 1372 556 1451 θυγατέρα
587 1370 646 1432 τοῦ
677 1371 833 1449 βασιλέως
862 1371 967 1451 Δαβίθ
999 1379 1134 1453 γυναῖκα

29 1473 144 1550 μέντοι
167 1468 225 1530 οὐκ
252 1467 395 1550 ήγιλγετο,
415 1472 486 1548 μετ’
500 1468 539 1530 od
548 1465 630 1530 πολύ
655 1470 690 1530 δὲ
704 1472 737 1542 ἐς
755 1466 956 1534 τὸνκοιτῶνα
977 1472 1135 1550 rimandu-
1192 1549 1194 1558 Ι

29 1586 118 1648 utero
141 1563 262 1650 udrq'v,
296 1571 556 1652 σφαγιασθέντος
587 1572 646 1631 τοῦ
675 1569 831 1647 βασιλέως
860 1569 987 1650 Aufidi,
1008 1572 1063 1633 ssns'
1079 1567 1135 1634 τὸν

31 1669 135 1730 παῖδα
158 1666 282 1747 ἔγγονον
303 1669 360 1729 τοῦ
382 1663 539 1748 πρότερον
558 1669 716 1746 βασιλέως
736 1668 848 1748 νήπιον
869 1660 946 1730 ὄντα
967 1661 1035 1750 εἶχε
1058 1673 1135 1750 παρ’

29 1761 137 1855 ἑαυτῷ
159 1762 175 1828 ὅ
197 1769 336 1845 κρατῶν.
379 1761 396 1827 o‘
419 1770 524 1846 μέντοι
542 1767 700 1846 βασιλέως
721 1775 796 1842 παῖς
816 1765 1005 1851 ὄνεοότερος,
1025 1771 1056 1833 Γ
1053 1767 1133 1850 erdu-

5 1908 12 1931 .
29 1887 100 1949 γιος
123 1857 272 1948 τοῦνομα,
293 1861 336 1938 οἷς
356 1865 389 1939 ἐς
409 1862 466 1948 τήν
482 1862 744 1946 Ἀδριανούπολιν
763 1865 883 1950 παρών,
904 1866 1059 1950 ἐτράπετο
1080 1865 1134 1932 ἐπὶ
1142 1869 1174 1922 V·
1185 1869 1237 1926 206

29 1961 93 2046 τήν
113 1966 170 2026 τοῦ
191 1965 372 2044 Μεχμέτεω
404 1967 599 2045 θρησκείαν,
621 1963 676 2028 κατ’
694 1967 727 2038 ἐς
750 1962 790 2028 τὰ
815 1957 881 2048 ἢθη
904 1962 1070 2048 γενόμενος
1091 1963 1129 2030 τοὶ

31 2064 160 2125 ἐκείνων
181 2059 220 2123 erl
242 2064 347 2146 πολλῷ
366 2057 498 2142 ὕστερον
516 2061 703 2148 συνελήφθη
725 2059 794 2144 ἅμα
814 2066 858 2150 τῷ
878 2069 977 2147 narni
994 2065 1049 2129 καί
1068 2075 1133 2141 τοῖς

30 2163 185 2248 ἀδελφοῖς
207 2157 269 2224 sind
302 2163 467 2242 βασιλέως.
511 2159 567 2225 καί
592 2162 654 2246 γάρ
676 2160 799 2244 ἔπεμψε
820 2163 995 2246 γράμματα
1018 2165 1037 2248 ή
1060 2168 1131 2230 α’νε-

30 2259 94 2342 ψιά
117 2266 177 2324 τοῦ
197 2263 375 2342 βασιλέως,
404 2262 422 2343 ή
453 2265 509 2324 τοῦ
538 2262 672 2345 Χασάνη
693 2261 790 2345 γονή,
812 2263 868 2326 καί
885 2271 1089 2344 μετακαλεῖτο
1110 2258 1163 2350 iit)

1 2392 16 2435 ι
31 2359 89 2424 τὸν
110 2365 170 2424 τοῦ
189 2363 344 2442 βασιλέως
367 2359 438 2425 υἱὸν
459 2353 479 2442 ή
500 2358 555 2424 τὸν
577 2361 709 2442 ἀνεψιὸν
730 2365 830 2426 ου’τοῦ
843 2363 898 2428 το“ν
920 2365 1056 2444 Ἀλέξιον
1076 2364 1130 2434 τὸν

30 2457 67 2525 ἔτι
94 2457 300 2544 Μυτιλήνης,
323 2460 493 2543 Κομνηνόν
515 2455 601 2524 ὄντα.
650 2465 704 2524 καιΙ
720 2463 759 2524 τὰ
789 2464 849 2541 μὲν
869 2464 1042 2546 γράμματα
1064 2469 1130 2531 ἐνε-

31 2561 179 2643 χείρισαν
201 2563 243 2647 τῷ
263 2564 398 2644 βασιλεῖ’,
418 2561 645 2645 δηλοποιοῦντα
665 2557 750 2636 ὅπως
771 2557 817 2638 εἷς
837 2566 871 2628 ἐκ
890 2568 953 2628 τοῖν
974 2565 1130 2632 ulcissci

106 2735 148 2788 tl.
167 2735 183 2790 d
201 2737 326 2808 Κράτων
345 2737 364 2789 P
435 2737 476 2790 18.
494 2740 542 2791 sui
558 2728 629 2809 yde]
657 2741 706 2793 καλ
725 2743 813 2794 ταῦτα
831 2737 914 2797 ἄλλον
931 2738 1010 2803 τινὸς
1025 2747 1073 2797 καὶ
1094 2743 1127 2800 ed

102 2811 248 2864 Λαουίνιον
265 2823 355 2877 margo
373 2809 393 2861 R

32 2977 126 3040 postea
149 2947 221 3054 erma
239 2969 304 3021 tulit
328 2971 357 3020 in
376 2969 607 3040 Peloponnesum
636 2969 736 3022 dehinc
758 2969 937 3041 Trapezuntis
963 2990 1051 3044 regem
1073 2993 1126 3030 nna

33 3059 93 3093 cum
111 3057 219 3108 regione
237 3049 333 3092 nactus
353 3048 401 3092 est.

66 3121 76 3135 ⁵
104 3130 175 3180 Haec
196 3129 303 3198 quidem
323 3127 452 3180 hactenus
471 3129 618 3196 contigere.
654 3127 851 3196 Trapezuntios
875 3130 904 3182 in
922 3139 1013 3199 partes
1031 3132 1124 3185 distri-

33 3200 110 3253 buit:
129 3208 229 3268 partem
246 3217 323 3250 unum
343 3199 456 3250 retinuit
474 3199 550 3268 ipsc,
569 3215 602 3252 ετ
624 3215 677 3268 qna
704 3199 769 3250 fecit
786 3200 928 3252 silictarios
954 3210 982 3253 st
1010 3205 1124 3271 spathe-

34 3273 137 3340 glanos.
157 3269 206 3322 hos
225 3272 253 3322 in
269 3270 357 3322 ianuis
376 3269 506 3332 tenebat,
528 3285 676 3339 eorumque
692 3271 842 3322 ministerio
862 3271 997 3332 utebatur,
1017 3290 1124 3327 necnon

34 3344 99 3411 ipsis
118 3342 222 3394 nelarie
251 3357 342 3393 amore
361 3349 451 3410 raptus
473 3340 644 3392 obnitebatur.
690 3349 794 3412 purtem
811 3349 903 3393 antem
922 3343 1002 3393 aliam
1020 3342 1124 3410 Byzan.

35 3415 102 3466 tium
120 3413 273 3464 transmisit.
310 3428 391 3480 porro
411 3427 443 3463 ex
462 3412 515 3464 ulie
534 3413 681 3464 lanimaros
700 3413 792 3480 elegit.
829 3411 959 3483 quosdam
981 3417 1125 3469 constituit

35 3499 133 3546 servos,
150 3485 197 3554 qui
215 3484 244 3534 in
263 3481 444 3535 tabernaculis
464 3483 603 3536 servirent.
622 3499 720 3550 pueros
741 3499 774 3534 ex
792 3484 916 3534 omnibus
937 3485 1020 3554 elegit
1034 3487 1124 3538 octin-

34 3563 139 3624 gentos,
157 3569 258 3624 eosque
276 3555 303 3604 in
322 3554 524 3622 peregrinorum
543 3553 679 3604 cohortem
706 3553 838 3606 submisit.
876 3555 959 3606 filiam
980 3559 1048 3626 regis
1068 3559 1124 3608 Da-

34 3625 102 3679 uidis
116 3643 180 3688 nnn,
199 3625 424 3696 quemadmodum
443 3641 489 3675 rex
501 3624 546 3675 hic
557 3625 682 3693 petierat,
700 3641 810 3677 uxorem
828 3623 921 3678 duxitr
939 3626 1012 3678 haud
1031 3637 1123 3682 tamen

34 3698 118 3749 multe
139 3705 202 3766 post
219 3713 277 3748 sam
297 3697 420 3748 insnum
440 3693 593 3746 cubiculum
614 3696 753 3746 accersivit
766 3705 906 3766 perempto
929 3713 990 3765 regs
1010 3699 1121 3752 Davide.

35 3777 158 3838 nepotem
178 3776 266 3818 autem
288 3765 386 3830 huius,
405 3767 452 3838 qni
479 3765 570 3817 luerat
596 3765 667 3816 filius
685 3765 773 3816 adhuc
796 3767 886 3819 inicus
914 3769 1012 3838 prioris
1040 3771 1120 3838 regis,

36 3839 107 3908 opud
126 3855 154 3890 sa
171 3837 366 3892 habuitCrato.
388 3839 456 3906 regis
475 3846 565 3889 autem
579 3837 687 3888 Doridis
706 3837 779 3888 iilius
798 3838 895 3900 iunior,
912 3839 1021 3891 nomine
1033 3841 1121 3893 Geor-

37 3913 102 3978 gius,
121 3927 180 3961 cnm
202 3909 403 3980 Adrianopolim
421 3909 549 3971 venisset,
568 3907 603 3958 ad
618 3906 785 3960 Mechmetse
802 3909 958 3976 religionem
978 3927 1121 3964 conversus

36 3991 85 4037 eet.
119 3990 267 4049 assumptus
282 3981 429 4032 Turcornm
447 3979 568 4032 moribus
586 3995 640 4030 nen
657 3979 743 4031 multo
759 3987 822 4048 post
838 3987 931 4048 captus
948 3989 989 4032 est
1006 3981 1040 4032 ab
1060 3999 1121 4050 rega

37 4071 88 4104 una
108 4070 164 4104 cum
185 4059 261 4120 patre
279 4059 307 4103 et
326 4051 464 4103 iratribus.
510 4050 577 4102 Nare
603 4051 690 4102 missis
713 4051 813 4102 litteris
830 4049 991 4104 consobrina
1012 4053 1120 4105 Davidis

40 4125 112 4192 regis,
130 4140 196 4174 ιιτοτ
209 4121 347 4186 Chasanis,
365 4122 480 4174 vocabat
496 4131 544 4175 siit
563 4123 632 4191 regis
649 4121 734 4172 filiurn
752 4129 799 4172 aut
810 4123 959 4189 patruelem
979 4124 1037 4176 sius
1058 4125 1123 4176 Ale-

39 4197 108 4248 xiurn
125 4195 291 4248 Comnennm
316 4209 349 4244 sa
369 4193 518 4261 Mitylenis.
563 4200 592 4245 st
614 4191 719 4244 litteras
745 4190 853 4262 quidem
872 4193 971 4265 quibus
988 4195 1123 4266 significo·

98 4303 344 4374 Clsclcecondylss.
899 4305 934 4360 ³2
