2704 4624
335 341 389 402 Dii
418 342 546 404 REBUS
575 341 762 406 TUllClClS
792 344 826 404 L.
849 346 903 406 lll.
1073 335 1140 402 117

59 491 185 572 γίνοιτο,
207 491 264 554 καί
283 487 324 552 osi
355 482 449 552 οἶσθα
481 488 536 553 καί
552 487 663 566 πάντες
692 481 779 554 οὗτοι
801 487 831 554 οῖ
849 488 1067 574 συμπαρόντος
1088 517 1144 558 σν-

61 589 179 671 νίσασι,
195 585 252 652 καί
274 588 318 662 ὥς
339 585 438 652 πάντα
458 588 498 652 ed
522 585 640 670 ἔσχατα
670 589 906 672 ὑποδυόμενος,
937 585 1015 656 ὥστε
1036 585 1147 668 aviri

60 691 206 770 γενέσθαι
222 683 342 752 ὁτιοῦν.
366 691 422 752 καί
433 689 599 770 τραύματα
613 691 648 753 δέ
665 687 750 754 ἐστιν
765 691 843 754 ἰδεῖν
864 687 922 756 ὅσα
944 691 1050 772 λαβών
1071 691 1147 756 οὐδὲ

61 786 185 850 adnoto
205 782 435 871 ἐπελογιζόμην
457 786 557 852 δεινὸν
576 786 636 872 τιρό
658 791 715 852 rosi
734 791 934 871 χαρίζεσθαι.
958 791 988 856 εἰ
1008 792 1043 854 δέ
1065 792 1176 856 ἐστινΒ

42 885 170 950 lirensis
192 884 269 968 ἡμῖν
290 889 466 971 εἰρημένον,
491 887 548 949 οδκ
573 887 680 976 ἀγαθῇ
702 887 785 974 τύχη
807 891 874 952 δέοι
896 883 934 954 ἐν
955 887 998 974 μη“
1019 892 1149 973 χαρίζε-

61 989 137 1050 σθαι
172 994 238 1059 τοῖς
268 983 469 1069 ἐπιτηδείοις,
502 981 559 1071 ἐφ’
594 977 640 1050 ιδν
667 985 790 1069 μεγάλα
819 980 857 1051 sd
887 987 1052 1063 νιετιονθώς
1072 986 1148 1071 εἴης.

61 1086 159 1149 ἐκεῖνο
184 1083 244 1168 δή,
273 1087 416 1169 βασιλεῦ,
448 1087 601 1174 ἐδιοντέριμ
629 1088 689 1166 μέν
713 1076 780 1150 ἐντι
800 1085 977 1176 τιένθρώτιῳ
1008 1089 1046 1152 ori
1066 1088 1149 1152 πάνυ

61 1209 89 1248 τι
109 1185 308 1264 ἐμπεδοῦντα
341 1185 396 1247 καί
416 1177 542 1260 ,ἐαυτοῦ
571 1185 651 1267 βίον.
694 1187 822 1250 ἐπειδὰν
851 1189 886 1252 δι’
907 1209 956 1252 σοι
979 1185 1014 1250 τὸ
1040 1177 1151 1271 ἄρχειν

61 1278 174 1364 ἐτέροος
195 1279 360 1368 α’φίκηται,
378 1280 447 1348 τότε
470 1279 508 1366 δὴ
531 1285 570 1346 osi
579 1283 711 1364 θεμιτὸν
734 1278 755 1370 ᾗ
775 1289 955 1368 παραβῆναι
977 1285 1056 1350 εἴτι
1076 1311 1151 1350 σαν.

30 1385 163 1446 Ιθέθετο.
206 1382 262 1445 καί
282 1380 359 1466 ἡμῖν
381 1377 397 1444 ὅ
419 1381 495 1456 θεὸς
516 1381 614 1448 πολλὰ
632 1382 739 1468 dyada*
758 1383 931 1466 παρέχεται
943 1387 996 1450 διὰ
1017 1381 1051 1450 τέ
1072 1367 1167 1466 noy.—

62 1483 193 1567 ητιέμην.
205 1478 310 1563 ἴσχειν
340 1491 403 1558 τοῖς
438 1481 710 1565 ἐξαμαρτάνουσιν
732 1485 763 1560 ἐς
794 1484 876 1566 ἡμᾶς
896 1483 1012 1550 ὁτιοῦν.
1056 1479 1092 1568 ἢν
1115 1486 1151 1548 ds'

61 1584 193 1661 μοικαί
217 1581 336 1666 ταύτην
365 1587 605 1671 παραιτουμένῳ
635 1586 789 1667 χαρίσαιο
823 1582 879 1666 την
900 1585 1076 1666 ἁμαρτίαν,
1096 1587 1152 1646 καί

62 1685 156 1745 alerio
179 1675 300 1746 ιοίτοον
321 1704 372 1746 σοι
399 1685 517 1764 γένοιτο
543 1681 682 1766 ἐγαδιί.”
723 1687 824 1747 ταῦτα
844 1685 941 1766 λέγων
963 1683 1019 1746 οδκ
1042 1680 1150 1748 ἔπειθε

63 1780 220 1863 φάσκοντα
248 1783 315 1846 δεῖν
346 1781 531 1874 συγγνώμην
559 1779 662 1864 ἴσχειν
689 1775 735 1858 οἷς
764 1775 803 1846 ἐν
833 1783 877 1866 μὴ
913 1777 1040 1848 ἑκούσια
1067 1775 1148 1868 fied

30 1878 291 1964 Ιόδμαρτὴματα.
335 1884 401 1956 σιδς
422 1883 449 1944 δ’
471 1877 511 1944 ἐν
531 1877 663 1960 σώζοιτο
688 1875 774 1966 αὕτη]
797 1881 815 1962 ἡ
839 1879 930 1965 τύχη,
950 1879 994 1965 μη
1016 1882 1071 1946 τὸν
1093 1880 1183 1948 cis-C

64 1983 191 2044 τίνιαλον
215 1981 415 2068 διωσσμένης
437 1981 537 2045 ταῦτα
557 1977 653 2044 eineis
667 1976 765 2044 τόντε
780 1983 928 2066 Μνρξίην
951 1977 1151 2064 διεχρήσατο,

63 2079 114 2142 ιαί
135 2080 266 2143 ἐπένθει
294 2078 390 2144 ονἰὀν
419 2079 556 2168 δημοσίᾳ
588 2080 643 2144 ἐντί
662 2076 779 2161 συχνόν
800 2103 869 2144 τινα
892 2077 1018 2164 χρόνον,
1040 2074 1152 2162 θάψας

63 2181 244 2258 βασιλικῶς.

143 2270 241 2342 Merui
263 2279 299 2342 δὲ
318 2277 420 2342 ταῦτα
439 2277 493 2342 ἐντί
503 2273 674 2364 ’Υρκανοδς
687 2276 891 2362 ἐστρατεύετο
905 2275 961 2343 καί
975 2277 1033 2364 τὴν
1053 2275 1151 2366 ταύτῃ

30 2373 240 2457 νδδιίλασσαν,
263 2377 320 2441 καί
341 2374 418 2462 ἔθνη
429 2401 462 2441 τε
478 2378 534 2440 osis
556 2379 646 2462 σ’λίγα
666 2381 699 2456 ἐς
719 2375 776 2464 την
788 2377 956 2443 θάλασσαν
972 2379 1063 2462 τήνδε
1079 2377 1152 2462 Ὓρ.

65 2478 173 2542 κονίαν
193 2479 377 2542 ἐνοικοῦντα
407 2477 549 2561 παράλια
580 2482 820 2564 κατεστρέφετο.
874 2479 991 2560 λέγεται
1014 2479 1049 2544 δέ
1070 2474 1152 2560 αὕτη

131 2637 158 2688 l.
180 2637 370 2694 σννδσουσιΡ
466 2635 506 2690 19.
525 2635 659 2704 τἀδτηςΡ
747 2634 790 2688 20.
809 2633 968 2692 θάλασσαν.
1011 2629 1067 2702 Τὴν
1087 2634 1154 2690 δέΡ

66 2797 174 2834 νιοιειικ
194 2788 238 2834 est
264 2781 424 2834 orationem.
471 2790 580 2834 “verum
603 2783 753 2842 enimvero,
772 2797 788 2832 o
809 2797 869 2845 rex,
889 2779 923 2832 sd
943 2779 995 2833 hoo
1010 2779 1152 2849 imperinm

66 2861 94 2904 ut
110 2851 262 2918 deveneris,
281 2859 310 2903 et
327 2861 356 2904 tu
378 2851 448 2904 noeti
466 2861 494 2904 et
512 2869 606 2904 omnes
627 2859 763 2922 quotquot
783 2859 889 2920 praesto
909 2857 981 2902 sunt.
1017 2868 1068 2902 nec
1086 2851 1151 2902 hor-

67 2925 103 2975 rni
120 2941 224 2975 summa
252 2922 325 2976 vitae
355 2923 431 2974 adire
450 2923 617 2982 discrimina,
638 2931 668 2974 ul
693 2923 770 2973 istam
789 2921 839 2973 tibi
860 2939 966 2992 parares
984 2920 1149 2974 felicitatem,

68 2995 176 3046 vulnera
196 2992 290 3046 videre
307 3001 366 3058 est,
391 3011 460 3064 qnae
481 2995 570 3063 accepi
590 2993 651 3044 dum
673 2993 722 3044 tibi
748 2993 875 3044 inservire
896 3003 923 3045 et
942 2991 1086 3060 gratificari
1104 3009 1151 3043 cu-

66 3067 117 3135 pio.
155 3075 186 3116 at
208 3065 283 3116 enim
312 3063 418 3134 siquid
449 3074 550 3116 temere
568 3063 700 3126 diximus,
719 3080 753 3114 un
773 3079 827 3114 non
847 3063 875 3113 id
892 3080 1007 3133 aequum
1027 3072 1068 3114 est
1084 3064 1151 3114 milri

66 3136 175 3188 adrem
193 3136 304 3187 fortuna
331 3137 418 3187 utenti
442 3143 470 3187 et
486 3135 594 3198 amicis,
615 3151 629 3184 a
658 3133 757 3204 quibus
775 3133 913 3185 beneficiis
931 3137 1040 3186 affectus
1060 3135 1152 3196 fueris,

66 3207 241 3260 condonare?
259 3205 330 3256 illud
349 3215 449 3269 autem,
467 3224 483 3257 o
507 3221 561 3265 rex,
580 3205 687 3276 privato
709 3203 810 3256 homini
832 3221 887 3256 nou
905 3203 1048 3256 admodum
1068 3207 1155 3276 impe-

66 3279 183 3332 dimento
201 3277 293 3329 luerit.
343 3277 392 3328 nbi
416 3285 505 3328 autern
525 3278 576 3328 nlla
595 3279 679 3342 regni
696 3275 830 3328 offulserit
850 3274 932 3326 forms
941 3313 950 3338 ,
969 3284 1024 3328 turn
1042 3293 1097 3328 non
1116 3277 1154 3328 las

66 3359 117 3412 est,
138 3352 162 3402 ei
183 3347 250 3419 quid
270 3355 364 3418 pactus
383 3346 485 3408 fueris,
506 3349 611 3400 irritum
630 3347 722 3406 lacere
748 3354 777 3397 et
795 3345 950 3414 transgredi.
986 3347 1067 3398 etism
1089 3345 1156 3398 deus

66 3421 178 3491 plurima
199 3418 280 3470 nobis
297 3418 371 3470 bons
388 3419 522 3488 largitur,
541 3419 608 3469 siin
626 3435 676 3469 nos
697 3415 902 3488 deliquentibus
921 3418 1025 3468 veniam
1048 3415 1156 3468 dederi-

67 3509 130 3544 nsns.
167 3491 192 3542 si
211 3491 296 3558 igitur
322 3489 388 3540 mibi
410 3489 513 3560 peccati
540 3491 574 3540 im
598 3487 727 3540 unitatem
747 3490 928 3547 concesseris,
949 3487 1048 3538 maiore
1068 3504 1083 3537 a
1103 3486 1155 3538 deo

67 3563 112 3614 tibi
129 3561 283 3614 obvenient
305 3561 415 3612 taudem
443 3561 542 3612 bona.”
577 3507 617 3610 iis
639 3559 718 3611 dictis
748 3575 803 3610 non
828 3559 961 3628 persuasit
976 3557 1088 3620 Temiri,
1107 3559 1154 3628 qui

68 3632 249 3702 respondebat
266 3631 365 3682 “senia
391 3631 484 3682 denda,
496 3638 537 3682 est
555 3631 689 3682 erroribus
714 3645 806 3680 eorum
826 3631 873 3698 qui
892 3626 959 3698 quid
978 3635 1087 3698 praeter
1102 3646 1153 3680 vo·

3 3703 4 3714 ¹
68 3705 195 3756 luntatem
216 3701 386 3754 admiserint.
422 3719 475 3773 qno
493 3710 573 3771 pacto
592 3709 680 3752 nutem
697 3701 830 3753 torinnam
846 3699 961 3750 retinere
974 3707 1069 3766 potero
1089 3716 1153 3768 pro-

3 3775 5 3834 ss
69 3777 167 3842 pitisso,
184 3774 207 3825 si
227 3771 333 3826 hostem
352 3789 441 3825 menm
459 3789 514 3824 nnn
532 3771 696 3824 necavero?''
731 3771 798 3821 haec
816 3769 863 3820 ubi
884 3770 990 3820 locutus
1009 3776 1059 3832 est,
1079 3770 1152 3836 Myr-

3 3837 4 3892 l
68 3849 131 3898 siem
151 3845 277 3914 peremit.
316 3851 483 3914 peremptum
500 3844 624 3912 regaliter
638 3841 764 3913 sepelivit
784 3841 919 3908 longoque
937 3847 1059 3908 tempore
1073 3839 1151 3892 luxit.

132 3914 265 3968 Postheet
283 3913 387 3966 bellum
405 3915 520 3984 sumpsit
536 3913 662 3965 sdversus
675 3913 810 3980 Hyrcanos
825 3917 853 3961 et
868 3917 959 3961 eontra
977 3918 1069 3978 gentes
1083 3927 1154 3982 quae

71 4003 134 4038 nare
155 3987 309 4053 llyreanuns
340 3985 480 4051 accolunt3
508 4001 573 4054 ques
599 4001 693 4036 omnes
724 3981 885 4053 perdomuit.
930 3980 1000 4032 idem
1025 3999 1097 4033 mare
1126 3993 1155 4032 et

72 4057 191 4128 Caspium
210 4057 320 4118 dieitur,
339 4073 429 4108 sersus
447 4055 583 4108 meridiem
603 4057 696 4108 Saccas
715 4053 817 4106 hebens
836 4051 941 4104 accolas
961 4060 988 4104 et
996 4051 1154 4116 Ceddurios;

73 4129 176 4198 triginta
195 4127 306 4178 milibus
325 4127 473 4178 stadiorum
493 4143 583 4178 versus
609 4127 747 4180 Orientem
768 4133 795 4174 et
813 4123 1030 4194 Septentrionem
1050 4123 1153 4172 seculae

74 4197 169 4250 habens
189 4199 368 4267 Massagetae,
387 4213 469 4266 genus
497 4197 636 4250 hominum
660 4196 827 4251 bellicosum.
871 4195 980 4264 longum
999 4201 1039 4246 est
1058 4193 1154 4260 viginti
