<?xml version="1.0" encoding="UTF-8"?>
<!DOCTYPE html PUBLIC "-//W3C//DTD XHTML 1.0 Transitional//EN"
    "http://www.w3.org/TR/xhtml1/DTD/xhtml1-transitional.dtd">
<html xmlns="http://www.w3.org/1999/xhtml" xml:lang="en" lang="en">
 <head>
  <title>
</title>
<meta http-equiv="Content-Type" content="text/html;charset=utf-8" />
  <meta name='ocr-system' content='tesseract 3.04.00' />
  <meta name='ocr-capabilities' content='ocr_page ocr_carea ocr_par ocr_line ocrx_word'/>
</head>
<body>
  <div class='ocr_page' id='page_1' title='image "./laonicichalcoco00chalgoog_0239.png"; bbox 0 0 2730 4630; ppageno 0'>
   <div class='ocr_carea' id='block_1_1' title="bbox 216 275 1054 352">
    <p class='ocr_par' dir='ltr' id='par_1_1' title="bbox 216 275 1054 352">
     <span class='ocr_line' id='line_1_1' title="bbox 216 275 1054 352; baseline -0.012 0"><span class='ocrx_word' id='word_1_1' title='bbox 216 279 292 352; x_wconf 74' lang='lat'><strong><em>210</em></strong></span> <span class='ocrx_word' id='word_1_2' title='bbox 470 277 634 344; x_wconf 75' lang='lat' dir='ltr'>Lnourcr</span> <span class='ocrx_word' id='word_1_3' title='bbox 666 275 1054 344; x_wconf 77' lang='lat' dir='ltr'>CHALCOCONDYLAE</span> 
     </span>
    </p>
   </div>
   <div class='ocr_carea' id='block_1_2' title="bbox 122 424 1354 2611">
    <p class='ocr_par' dir='ltr' id='par_1_2' title="bbox 122 424 1354 2611">
     <span class='ocr_line' id='line_1_2' title="bbox 218 424 1316 516; baseline -0.006 -20"><span class='ocrx_word' id='word_1_4' title='bbox 218 427 371 516; x_wconf 77' lang='grc' dir='ltr'><strong><em>ἡγεμόνος</em></strong></span> <span class='ocrx_word' id='word_1_5' title='bbox 388 428 607 510; x_wconf 75' lang='grc' dir='ltr'><strong><em>Ἀκαρνανιλις,</em></strong></span> <span class='ocrx_word' id='word_1_6' title='bbox 627 427 801 512; x_wconf 72' lang='grc' dir='ltr'><strong><em>ἀφιεμένου</em></strong></span> <span class='ocrx_word' id='word_1_7' title='bbox 815 427 928 504; x_wconf 83' lang='grc' dir='ltr'><strong><em>αότσῖς</em></strong></span> <span class='ocrx_word' id='word_1_8' title='bbox 947 428 1004 511; x_wconf 77' lang='grc' dir='ltr'><strong><em>τῆς</em></strong></span> <span class='ocrx_word' id='word_1_9' title='bbox 1023 425 1144 512; x_wconf 78' lang='grc' dir='ltr'><strong><em>χιόρας,</em></strong></span> <span class='ocrx_word' id='word_1_10' title='bbox 1165 424 1316 507; x_wconf 79' lang='grc' dir='ltr'><strong><em>δνέμοντό</em></strong></span> 
     </span>
     <span class='ocr_line' id='line_1_3' title="bbox 185 523 1317 612; baseline -0.01 -14"><span class='ocrx_word' id='word_1_11' title='bbox 185 545 254 598; x_wconf 84' lang='lat' dir='ltr'><strong><em>Dra</em></strong></span> <span class='ocrx_word' id='word_1_12' title='bbox 274 527 366 612; x_wconf 85' lang='grc' dir='ltr'><strong><em>τὴνδε</em></strong></span> <span class='ocrx_word' id='word_1_13' title='bbox 386 527 441 610; x_wconf 83' lang='grc' dir='ltr'><strong><em>τὴν</em></strong></span> <span class='ocrx_word' id='word_1_14' title='bbox 462 526 585 610; x_wconf 75' lang='grc' dir='ltr'><strong><em>χώραν.</em></strong></span> <span class='ocrx_word' id='word_1_15' title='bbox 613 525 694 609; x_wconf 77' lang='grc' dir='ltr'><strong><em>μετὰ</em></strong></span> <span class='ocrx_word' id='word_1_16' title='bbox 717 528 753 590; x_wconf 81' lang='grc' dir='ltr'><strong><em>δὲ</em></strong></span> <span class='ocrx_word' id='word_1_17' title='bbox 772 529 873 592; x_wconf 82' lang='grc' dir='ltr'><strong><em>ταότσ</em></strong></span> <span class='ocrx_word' id='word_1_18' title='bbox 892 525 1078 592; x_wconf 75' lang='grc' dir='ltr'><strong><em>συνίσταντο</em></strong></span> <span class='ocrx_word' id='word_1_19' title='bbox 1098 523 1250 607; x_wconf 75' lang='grc' dir='ltr'><strong><em>ἅλλὴλοις</em></strong></span> <span class='ocrx_word' id='word_1_20' title='bbox 1270 523 1317 599; x_wconf 74' lang='grc' dir='ltr'><strong><em>ὥς</em></strong></span> 
     </span>
     <span class='ocr_line' id='line_1_4' title="bbox 217 619 1317 712; baseline -0.006 -17"><span class='ocrx_word' id='word_1_21' title='bbox 217 638 283 706; x_wconf 80' lang='grc' dir='ltr'><strong><em>τοῖς</em></strong></span> <span class='ocrx_word' id='word_1_22' title='bbox 296 625 442 712; x_wconf 73' lang='grc' dir='ltr'><strong><em>Ἥλησιν</em></strong></span> <span class='ocrx_word' id='word_1_23' title='bbox 462 626 697 709; x_wconf 74' lang='grc' dir='ltr'><strong><em>ἐπιθησόμενοι,</em></strong></span> <span class='ocrx_word' id='word_1_24' title='bbox 717 619 802 701; x_wconf 78' lang='grc' dir='ltr'><strong><em>ὅπως</em></strong></span> <span class='ocrx_word' id='word_1_25' title='bbox 827 619 868 690; x_wconf 85' lang='grc' dir='ltr'><strong><em>όν</em></strong></span> <span class='ocrx_word' id='word_1_26' title='bbox 887 624 999 702; x_wconf 73' lang='grc' dir='ltr'><strong><em>αὐτοῖς</em></strong></span> <span class='ocrx_word' id='word_1_27' title='bbox 1020 627 1214 710; x_wconf 84' lang='grc' dir='ltr'><strong><em>προχωροίη.</em></strong></span> <span class='ocrx_word' id='word_1_28' title='bbox 1259 622 1317 688; x_wconf 83' lang='grc' dir='ltr'><strong><em>καί</em></strong></span> 
     </span>
     <span class='ocr_line' id='line_1_5' title="bbox 217 717 1315 814; baseline -0.009 -20"><span class='ocrx_word' id='word_1_29' title='bbox 217 728 257 814; x_wconf 84' lang='grc' dir='ltr'><strong><em>δὴ</em></strong></span> <span class='ocrx_word' id='word_1_30' title='bbox 279 751 355 792; x_wconf 88' lang='grc' dir='ltr'><strong><em>ποτε</em></strong></span> <span class='ocrx_word' id='word_1_31' title='bbox 377 729 435 790; x_wconf 79' lang='grc' dir='ltr'><strong><em>τοῦ</em></strong></span> <span class='ocrx_word' id='word_1_32' title='bbox 467 725 618 810; x_wconf 74' lang='grc' dir='ltr'><strong><em>ἡγεμόνος</em></strong></span> <span class='ocrx_word' id='word_1_33' title='bbox 649 724 820 810; x_wconf 82' lang='grc' dir='ltr'><strong><em>(Ἰσυόιιιος</em></strong></span> <span class='ocrx_word' id='word_1_34' title='bbox 839 728 872 789; x_wconf 84' lang='grc' dir='ltr'><strong><em>δ’</em></strong></span> <span class='ocrx_word' id='word_1_35' title='bbox 891 717 931 810; x_wconf 85' lang='grc' dir='ltr'><strong><em>ἡν</em></strong></span> <span class='ocrx_word' id='word_1_36' title='bbox 950 717 1107 809; x_wconf 82' lang='grc' dir='ltr'><strong><em>τοόνσμα)</em></strong></span> <span class='ocrx_word' id='word_1_37' title='bbox 1130 726 1184 788; x_wconf 84' lang='grc' dir='ltr'><strong><em>δπί</em></strong></span> <span class='ocrx_word' id='word_1_38' title='bbox 1208 717 1315 805; x_wconf 80' lang='grc' dir='ltr'><strong><em>όγραν</em></strong></span> 
     </span>
     <span class='ocr_line' id='line_1_6' title="bbox 215 822 1337 914; baseline -0.011 -20"><span class='ocrx_word' id='word_1_39' title='bbox 215 831 384 914; x_wconf 84' lang='grc' dir='ltr'><strong><em>φοιτοδντος</em></strong></span> <span class='ocrx_word' id='word_1_40' title='bbox 418 825 670 912; x_wconf 80' lang='grc' dir='ltr'><strong><em>όφικνουμόνσυ,</em></strong></span> <span class='ocrx_word' id='word_1_41' title='bbox 717 825 867 892; x_wconf 78' lang='grc' dir='ltr'><strong><em>ε’πδδεντό</em></strong></span> <span class='ocrx_word' id='word_1_42' title='bbox 900 849 933 890; x_wconf 85' lang='grc' dir='ltr'><strong><em>τι</em></strong></span> <span class='ocrx_word' id='word_1_43' title='bbox 963 825 1049 914; x_wconf 73' lang='grc' dir='ltr'><strong><em>αότῷ</em></strong></span> <span class='ocrx_word' id='word_1_44' title='bbox 1090 822 1119 890; x_wconf 76' lang='grc' dir='ltr'><strong><em>οἱ</em></strong></span> <span class='ocrx_word' id='word_1_45' title='bbox 1149 823 1337 906; x_wconf 59' lang='grc' dir='ltr'><strong><em>Ἀλβανοιζό</em></strong></span> 
     </span>
     <span class='ocr_line' id='line_1_7' title="bbox 215 921 1316 1012; baseline -0.006 -21"><span class='ocrx_word' id='word_1_46' title='bbox 215 929 390 1012; x_wconf 77' lang='grc' dir='ltr'><strong><em>ἡγουμένου</em></strong></span> <span class='ocrx_word' id='word_1_47' title='bbox 421 927 532 1000; x_wconf 80' lang='grc' dir='ltr'><strong><em>αότοῖς</em></strong></span> <span class='ocrx_word' id='word_1_48' title='bbox 561 926 690 1006; x_wconf 74' lang='grc' dir='ltr'><strong><em>Σπότα,</em></strong></span> <span class='ocrx_word' id='word_1_49' title='bbox 708 921 827 1007; x_wconf 84' lang='grc' dir='ltr'><strong><em>όνδρδς</em></strong></span> <span class='ocrx_word' id='word_1_50' title='bbox 847 921 947 1008; x_wconf 85' lang='grc' dir='ltr'><strong><em>δρμὴν</em></strong></span> <span class='ocrx_word' id='word_1_51' title='bbox 961 947 994 990; x_wconf 89' lang='grc' dir='ltr'><strong><em>τε</em></strong></span> <span class='ocrx_word' id='word_1_52' title='bbox 1024 925 1081 989; x_wconf 83' lang='grc' dir='ltr'><strong><em>καί</em></strong></span> <span class='ocrx_word' id='word_1_53' title='bbox 1099 923 1221 1005; x_wconf 83' lang='grc' dir='ltr'><strong><em>τόλμαν</em></strong></span> <span class='ocrx_word' id='word_1_54' title='bbox 1242 922 1316 986; x_wconf 85' lang='grc' dir='ltr'><strong><em>ε’πι.</em></strong></span> 
     </span>
     <span class='ocr_line' id='line_1_8' title="bbox 216 1019 1312 1114; baseline -0.005 -22"><span class='ocrx_word' id='word_1_55' title='bbox 216 1029 418 1110; x_wconf 69' lang='grc' dir='ltr'><strong><em>δεικνυμένου</em></strong></span> <span class='ocrx_word' id='word_1_56' title='bbox 457 1029 569 1111; x_wconf 84' lang='grc' dir='ltr'><strong><em>σφίσιν</em></strong></span> <span class='ocrx_word' id='word_1_57' title='bbox 602 1026 636 1089; x_wconf 77' lang='grc' dir='ltr'><strong><em>δν</em></strong></span> <span class='ocrx_word' id='word_1_58' title='bbox 670 1025 713 1114; x_wconf 76' lang='grc' dir='ltr'><strong><em>τῷ</em></strong></span> <span class='ocrx_word' id='word_1_59' title='bbox 749 1019 821 1090; x_wconf 88' lang='grc' dir='ltr'><strong><em>τότε</em></strong></span> <span class='ocrx_word' id='word_1_60' title='bbox 854 1019 988 1108; x_wconf 76' lang='grc' dir='ltr'><strong><em>παρόντι</em></strong></span> <span class='ocrx_word' id='word_1_61' title='bbox 1018 1021 1180 1109; x_wconf 82' lang='grc' dir='ltr'><strong><em>ξόμφορον</em></strong></span> <span class='ocrx_word' id='word_1_62' title='bbox 1208 1027 1241 1098; x_wconf 76' lang='grc' dir='ltr'><strong><em>ἐς</em></strong></span> <span class='ocrx_word' id='word_1_63' title='bbox 1272 1020 1312 1086; x_wconf 84' lang='grc' dir='ltr'><strong><em>τό</em></strong></span> 
     </span>
     <span class='ocr_line' id='line_1_9' title="bbox 130 1118 1315 1210; baseline -0.008 -18"><span class='ocrx_word' id='word_1_64' title='bbox 130 1123 360 1210; x_wconf 66' lang='grc' dir='ltr'><strong><em>λ’·ὃθποιρόντα</em></strong></span> <span class='ocrx_word' id='word_1_65' title='bbox 396 1125 505 1200; x_wconf 78' lang='grc' dir='ltr'><strong><em>αότοῖς</em></strong></span> <span class='ocrx_word' id='word_1_66' title='bbox 539 1123 595 1190; x_wconf 88' lang='grc' dir='ltr'><strong><em>καί</em></strong></span> <span class='ocrx_word' id='word_1_67' title='bbox 622 1119 678 1188; x_wconf 81' lang='grc' dir='ltr'><strong><em>οδκ</em></strong></span> <span class='ocrx_word' id='word_1_68' title='bbox 710 1121 869 1206; x_wconf 83' lang='grc' dir='ltr'><strong><em>α’δόκιμσν.</em></strong></span> <span class='ocrx_word' id='word_1_69' title='bbox 909 1123 966 1188; x_wconf 84' lang='grc' dir='ltr'><strong><em>καί</em></strong></span> <span class='ocrx_word' id='word_1_70' title='bbox 994 1121 1049 1190; x_wconf 89' lang='grc' dir='ltr'><strong><em>τόν</em></strong></span> <span class='ocrx_word' id='word_1_71' title='bbox 1080 1125 1139 1205; x_wconf 77' lang='grc' dir='ltr'><strong><em>μὲν</em></strong></span> <span class='ocrx_word' id='word_1_72' title='bbox 1172 1118 1315 1205; x_wconf 76' lang='grc' dir='ltr'><strong><em>ἡγεμόνα</em></strong></span> 
     </span>
     <span class='ocr_line' id='line_1_10' title="bbox 216 1221 1313 1314; baseline -0.005 -22"><span class='ocrx_word' id='word_1_73' title='bbox 216 1226 321 1292; x_wconf 81' lang='grc' dir='ltr'><strong><em>αότοό</em></strong></span> <span class='ocrx_word' id='word_1_74' title='bbox 340 1223 437 1314; x_wconf 77' lang='grc' dir='ltr'><strong><em>ταότῃ</em></strong></span> <span class='ocrx_word' id='word_1_75' title='bbox 460 1226 595 1310; x_wconf 77' lang='grc' dir='ltr'><strong><em>όνεῖλσν,</em></strong></span> <span class='ocrx_word' id='word_1_76' title='bbox 615 1224 671 1308; x_wconf 88' lang='grc' dir='ltr'><strong><em>τὴν</em></strong></span> <span class='ocrx_word' id='word_1_77' title='bbox 693 1227 729 1290; x_wconf 79' lang='grc' dir='ltr'><strong><em>δὲ</em></strong></span> <span class='ocrx_word' id='word_1_78' title='bbox 740 1223 853 1308; x_wconf 73' lang='grc' dir='ltr'><strong><em>χώραν</em></strong></span> <span class='ocrx_word' id='word_1_79' title='bbox 873 1221 988 1288; x_wconf 72' lang='grc' dir='ltr'><strong><em>αὐτίκα</em></strong></span> <span class='ocrx_word' id='word_1_80' title='bbox 1009 1221 1234 1296; x_wconf 84' lang='grc' dir='ltr'><strong><em>ε’πελαόνοντες</em></strong></span> <span class='ocrx_word' id='word_1_81' title='bbox 1255 1247 1313 1286; x_wconf 83' lang='grc' dir='ltr'><strong><em>κα-</em></strong></span> 
     </span>
     <span class='ocr_line' id='line_1_11' title="bbox 215 1319 1353 1410; baseline -0.004 -16"><span class='ocrx_word' id='word_1_82' title='bbox 215 1331 327 1410; x_wconf 76' lang='grc' dir='ltr'><strong><em>τέσχον</em></strong></span> <span class='ocrx_word' id='word_1_83' title='bbox 349 1350 384 1391; x_wconf 87' lang='grc' dir='ltr'><strong><em>τε</em></strong></span> <span class='ocrx_word' id='word_1_84' title='bbox 404 1329 460 1392; x_wconf 86' lang='grc' dir='ltr'><strong><em>καί</em></strong></span> <span class='ocrx_word' id='word_1_85' title='bbox 479 1324 662 1410; x_wconf 83' lang='grc' dir='ltr'><strong><em>δζιόγρησαν</em></strong></span> <span class='ocrx_word' id='word_1_86' title='bbox 690 1323 819 1400; x_wconf 73' lang='lat' dir='ltr'>amicir</span> <span class='ocrx_word' id='word_1_87' title='bbox 845 1333 910 1400; x_wconf 84' lang='grc' dir='ltr'><strong><em>τοῖς</em></strong></span> <span class='ocrx_word' id='word_1_88' title='bbox 930 1325 1049 1410; x_wconf 82' lang='grc' dir='ltr'><strong><em>α’γροῖς,</em></strong></span> <span class='ocrx_word' id='word_1_89' title='bbox 1069 1319 1353 1404; x_wconf 76' lang='grc' dir='ltr'><strong><em>συλλαμβόνον-λυ</em></strong></span> 
     </span>
     <span class='ocr_line' id='line_1_12' title="bbox 216 1411 1310 1514; baseline -0.003 -23"><span class='ocrx_word' id='word_1_90' title='bbox 216 1449 268 1502; x_wconf 86' lang='grc' dir='ltr'><strong><em>τες</em></strong></span> <span class='ocrx_word' id='word_1_91' title='bbox 289 1415 314 1514; x_wconf 74' lang='grc' dir='ltr'><strong><em>ἡ</em></strong></span> <span class='ocrx_word' id='word_1_92' title='bbox 335 1422 374 1491; x_wconf 84' lang='grc' dir='ltr'><strong><em>όν</em></strong></span> <span class='ocrx_word' id='word_1_93' title='bbox 397 1411 606 1512; x_wconf 78' lang='grc' dir='ltr'><strong><em>περιτόχοιεν.</em></strong></span> <span class='ocrx_word' id='word_1_94' title='bbox 646 1423 728 1506; x_wconf 78' lang='grc' dir='ltr'><strong><em>μετὰ</em></strong></span> <span class='ocrx_word' id='word_1_95' title='bbox 750 1427 898 1492; x_wconf 73' lang='grc' dir='ltr'><strong><em>δὲταῦτα</em></strong></span> <span class='ocrx_word' id='word_1_96' title='bbox 920 1425 1159 1506; x_wconf 81' lang='grc' dir='ltr'><strong><em>πολιορκοῦντὲς</em></strong></span> <span class='ocrx_word' id='word_1_97' title='bbox 1179 1447 1211 1488; x_wconf 90' lang='grc' dir='ltr'><strong><em>τε</em></strong></span> <span class='ocrx_word' id='word_1_98' title='bbox 1225 1419 1310 1504; x_wconf 76' lang='grc' dir='ltr'><strong><em>Ἀρ-</em></strong></span> 
     </span>
     <span class='ocr_line' id='line_1_13' title="bbox 215 1520 1310 1610; baseline -0.005 -18"><span class='ocrx_word' id='word_1_99' title='bbox 215 1550 271 1610; x_wconf 89' lang='grc' dir='ltr'><strong><em>την</em></strong></span> <span class='ocrx_word' id='word_1_100' title='bbox 290 1529 344 1610; x_wconf 76' lang='grc' dir='ltr'><strong><em>τῆς</em></strong></span> <span class='ocrx_word' id='word_1_101' title='bbox 363 1525 573 1610; x_wconf 77' lang='grc' dir='ltr'><strong><em>Ἀκαρνανίας</em></strong></span> <span class='ocrx_word' id='word_1_102' title='bbox 592 1520 684 1590; x_wconf 91' lang='grc' dir='ltr'><strong><em>πόλιν</em></strong></span> <span class='ocrx_word' id='word_1_103' title='bbox 696 1527 941 1609; x_wconf 73' lang='grc' dir='ltr'><strong><em>παρεστήσαντο,</em></strong></span> <span class='ocrx_word' id='word_1_104' title='bbox 961 1527 1016 1589; x_wconf 88' lang='grc' dir='ltr'><strong><em>καί</em></strong></span> <span class='ocrx_word' id='word_1_105' title='bbox 1026 1521 1083 1607; x_wconf 82' lang='grc' dir='ltr'><strong><em>τὴν</em></strong></span> <span class='ocrx_word' id='word_1_106' title='bbox 1100 1522 1212 1606; x_wconf 86' lang='grc' dir='ltr'><strong><em>χιόραν</em></strong></span> <span class='ocrx_word' id='word_1_107' title='bbox 1230 1523 1310 1587; x_wconf 79' lang='grc' dir='ltr'><strong><em>ναό-</em></strong></span> 
     </span>
     <span class='ocr_line' id='line_1_14' title="bbox 122 1620 1311 1711; baseline 0 -23"><span class='ocrx_word' id='word_1_108' title='bbox 122 1636 271 1710; x_wconf 59' lang='lat' dir='ltr'>nituere</span> <span class='ocrx_word' id='word_1_109' title='bbox 292 1624 351 1711; x_wconf 74' lang='grc' dir='ltr'><strong><em>ὑφ’</em></strong></span> <span class='ocrx_word' id='word_1_110' title='bbox 374 1624 482 1699; x_wconf 84' lang='grc' dir='ltr'><strong><em>αδτσῖς</em></strong></span> <span class='ocrx_word' id='word_1_111' title='bbox 504 1621 711 1709; x_wconf 77' lang='grc' dir='ltr'><strong><em>ποιησόμενοι</em></strong></span> <span class='ocrx_word' id='word_1_112' title='bbox 731 1623 790 1709; x_wconf 82' lang='grc' dir='ltr'><strong><em>τὴν</em></strong></span> <span class='ocrx_word' id='word_1_113' title='bbox 810 1627 873 1690; x_wconf 73' lang='lat' dir='ltr'>ruia</span> <span class='ocrx_word' id='word_1_114' title='bbox 890 1620 1044 1710; x_wconf 74' lang='grc' dir='ltr'><strong><em>ἑσπερίων</em></strong></span> <span class='ocrx_word' id='word_1_115' title='bbox 1054 1622 1166 1708; x_wconf 86' lang='grc' dir='ltr'><strong><em>χιόραν</em></strong></span> <span class='ocrx_word' id='word_1_116' title='bbox 1184 1620 1311 1708; x_wconf 83' lang='grc' dir='ltr'><strong><em>ἐδὴουν,</em></strong></span> 
     </span>
     <span class='ocr_line' id='line_1_15' title="bbox 218 1719 1311 1809; baseline -0.003 -19"><span class='ocrx_word' id='word_1_117' title='bbox 218 1727 311 1790; x_wconf 79' lang='grc' dir='ltr'><strong><em>ου’δὲν</em></strong></span> <span class='ocrx_word' id='word_1_118' title='bbox 333 1722 379 1790; x_wconf 79' lang='grc' dir='ltr'><strong><em>ἔτι</em></strong></span> <span class='ocrx_word' id='word_1_119' title='bbox 399 1727 431 1801; x_wconf 78' lang='grc' dir='ltr'><strong><em>ἐς</em></strong></span> <span class='ocrx_word' id='word_1_120' title='bbox 451 1723 589 1809; x_wconf 83' lang='grc' dir='ltr'><strong><em>ἡσυχίαν</em></strong></span> <span class='ocrx_word' id='word_1_121' title='bbox 610 1721 793 1801; x_wconf 79' lang='grc' dir='ltr'><strong><em>ἐνδιδόντες.</em></strong></span> <span class='ocrx_word' id='word_1_122' title='bbox 821 1722 901 1806; x_wconf 77' lang='grc' dir='ltr'><strong><em>μετὰ</em></strong></span> <span class='ocrx_word' id='word_1_123' title='bbox 922 1726 957 1790; x_wconf 78' lang='grc' dir='ltr'><strong><em>δὲ</em></strong></span> <span class='ocrx_word' id='word_1_124' title='bbox 979 1725 1082 1788; x_wconf 73' lang='grc' dir='ltr'><strong><em>ταῦτα</em></strong></span> <span class='ocrx_word' id='word_1_125' title='bbox 1103 1719 1133 1788; x_wconf 84' lang='grc' dir='ltr'><strong><em>οἱ</em></strong></span> <span class='ocrx_word' id='word_1_126' title='bbox 1153 1725 1209 1806; x_wconf 80' lang='grc' dir='ltr'><strong><em>τῆς</em></strong></span> <span class='ocrx_word' id='word_1_127' title='bbox 1221 1725 1311 1788; x_wconf 88' lang='grc' dir='ltr'><strong><em>Νεα-</em></strong></span> 
     </span>
     <span class='ocr_line' id='line_1_16' title="bbox 219 1815 1353 1908; baseline -0.003 -20"><span class='ocrx_word' id='word_1_128' title='bbox 219 1821 337 1898; x_wconf 76' lang='grc' dir='ltr'><strong><em>πόλεως</em></strong></span> <span class='ocrx_word' id='word_1_129' title='bbox 358 1817 521 1906; x_wconf 76' lang='grc' dir='ltr'><strong><em>ἄρχοντες,</em></strong></span> <span class='ocrx_word' id='word_1_130' title='bbox 542 1821 604 1888; x_wconf 80' lang='grc' dir='ltr'><strong><em>α’πό</em></strong></span> <span class='ocrx_word' id='word_1_131' title='bbox 617 1821 788 1908; x_wconf 86' lang='grc' dir='ltr'><strong><em>Κερκόρας</em></strong></span> <span class='ocrx_word' id='word_1_132' title='bbox 810 1827 866 1908; x_wconf 82' lang='grc' dir='ltr'><strong><em>τῆς</em></strong></span> <span class='ocrx_word' id='word_1_133' title='bbox 886 1819 984 1908; x_wconf 84' lang='grc' dir='ltr'><strong><em>νὴσσυ</em></strong></span> <span class='ocrx_word' id='word_1_134' title='bbox 1004 1821 1185 1908; x_wconf 82' lang='grc' dir='ltr'><strong><em>δρμόμενοι</em></strong></span> <span class='ocrx_word' id='word_1_135' title='bbox 1209 1815 1311 1908; x_wconf 81' lang='grc' dir='ltr'><strong><em>(εἶχον</em></strong></span> <span class='ocrx_word' id='word_1_136' title='bbox 1323 1839 1353 1896; x_wconf 81' lang='lat'><strong><em>¹⁵</em></strong></span> 
     </span>
     <span class='ocr_line' id='line_1_17' title="bbox 219 1921 1313 2011; baseline -0.005 -23"><span class='ocrx_word' id='word_1_137' title='bbox 219 1926 255 1988; x_wconf 81' lang='grc' dir='ltr'><strong><em>δὲ</em></strong></span> <span class='ocrx_word' id='word_1_138' title='bbox 279 1921 348 1988; x_wconf 85' lang='grc' dir='ltr'><strong><em>τότε</em></strong></span> <span class='ocrx_word' id='word_1_139' title='bbox 372 1924 431 2007; x_wconf 83' lang='grc' dir='ltr'><strong><em>τὴν</em></strong></span> <span class='ocrx_word' id='word_1_140' title='bbox 452 1925 549 2006; x_wconf 82' lang='grc' dir='ltr'><strong><em>νῆσον</em></strong></span> <span class='ocrx_word' id='word_1_141' title='bbox 573 1923 603 1988; x_wconf 83' lang='grc' dir='ltr'><strong><em>οἱ</em></strong></span> <span class='ocrx_word' id='word_1_142' title='bbox 624 1924 841 2008; x_wconf 74' lang='grc' dir='ltr'><strong><em>Παρθενόπης</em></strong></span> <span class='ocrx_word' id='word_1_143' title='bbox 860 1928 1016 2011; x_wconf 76' lang='grc' dir='ltr'><strong><em>βασιλεῖς)</em></strong></span> <span class='ocrx_word' id='word_1_144' title='bbox 1038 1924 1094 1988; x_wconf 86' lang='grc' dir='ltr'><strong><em>καί</em></strong></span> <span class='ocrx_word' id='word_1_145' title='bbox 1114 1943 1313 2007; x_wconf 86' lang='grc' dir='ltr'><strong><em>παρεσκευα-</em></strong></span> 
     </span>
     <span class='ocr_line' id='line_1_18' title="bbox 217 2020 1313 2110; baseline -0.001 -21"><span class='ocrx_word' id='word_1_146' title='bbox 217 2020 350 2106; x_wconf 88' lang='grc' dir='ltr'><strong><em>σόμενοι</em></strong></span> <span class='ocrx_word' id='word_1_147' title='bbox 370 2023 515 2108; x_wconf 88' lang='grc' dir='ltr'><strong><em>στρατόν,</em></strong></span> <span class='ocrx_word' id='word_1_148' title='bbox 536 2021 617 2088; x_wconf 84' lang='grc' dir='ltr'><strong><em>ἴενιο</em></strong></span> <span class='ocrx_word' id='word_1_149' title='bbox 638 2024 692 2088; x_wconf 83' lang='grc' dir='ltr'><strong><em>ἐπί</em></strong></span> <span class='ocrx_word' id='word_1_150' title='bbox 717 2024 773 2108; x_wconf 87' lang='grc' dir='ltr'><strong><em>τὴν</em></strong></span> <span class='ocrx_word' id='word_1_151' title='bbox 794 2025 1002 2110; x_wconf 78' lang='grc' dir='ltr'><strong><em>Ἀκαρνανίαν</em></strong></span> <span class='ocrx_word' id='word_1_152' title='bbox 1024 2023 1067 2100; x_wconf 75' lang='lat' dir='ltr'><strong><em>uic</em></strong></span> <span class='ocrx_word' id='word_1_153' title='bbox 1086 2020 1159 2102; x_wconf 88' lang='grc' dir='ltr'><strong><em>τοός</em></strong></span> <span class='ocrx_word' id='word_1_154' title='bbox 1179 2045 1215 2088; x_wconf 88' lang='grc' dir='ltr'><strong><em>τε</em></strong></span> <span class='ocrx_word' id='word_1_155' title='bbox 1237 2022 1313 2088; x_wconf 82' lang='grc' dir='ltr'><strong><em>Ἀλ-</em></strong></span> 
     </span>
     <span class='ocr_line' id='line_1_19' title="bbox 219 2119 1314 2212; baseline -0.005 -24"><span class='ocrx_word' id='word_1_156' title='bbox 219 2122 338 2206; x_wconf 79' lang='grc' dir='ltr'><strong><em>βανοός</em></strong></span> <span class='ocrx_word' id='word_1_157' title='bbox 366 2123 425 2208; x_wconf 86' lang='grc' dir='ltr'><strong><em>τὴν</em></strong></span> <span class='ocrx_word' id='word_1_158' title='bbox 453 2123 564 2206; x_wconf 76' lang='grc' dir='ltr'><strong><em>χώραν</em></strong></span> <span class='ocrx_word' id='word_1_159' title='bbox 595 2123 847 2210; x_wconf 76' lang='grc' dir='ltr'><strong><em>ἀφαιρησόμενοι</em></strong></span> <span class='ocrx_word' id='word_1_160' title='bbox 874 2125 929 2190; x_wconf 87' lang='grc' dir='ltr'><strong><em>καί</em></strong></span> <span class='ocrx_word' id='word_1_161' title='bbox 942 2119 1061 2212; x_wconf 74' lang='grc' dir='ltr'><strong><em>Ἀρτην</em></strong></span> <span class='ocrx_word' id='word_1_162' title='bbox 1083 2128 1138 2208; x_wconf 77' lang='grc' dir='ltr'><strong><em>τῆς</em></strong></span> <span class='ocrx_word' id='word_1_163' title='bbox 1155 2124 1314 2206; x_wconf 84' lang='grc' dir='ltr'><strong><em>Ἀκαρνα.</em></strong></span> 
     </span>
     <span class='ocr_line' id='line_1_20' title="bbox 222 2217 1314 2310; baseline 0.001 -23"><span class='ocrx_word' id='word_1_164' title='bbox 222 2228 292 2298; x_wconf 77' lang='grc' dir='ltr'><strong><em>νίας</em></strong></span> <span class='ocrx_word' id='word_1_165' title='bbox 317 2221 608 2305; x_wconf 77' lang='grc' dir='ltr'><strong><em>καταστρεψόμενοι</em></strong></span> <span class='ocrx_word' id='word_1_166' title='bbox 643 2223 802 2306; x_wconf 79' lang='grc' dir='ltr'><strong><em>λαβόντες.</em></strong></span> <span class='ocrx_word' id='word_1_167' title='bbox 854 2223 1043 2310; x_wconf 86' lang='grc' dir='ltr'><strong><em>α’φικόμενοι</em></strong></span> <span class='ocrx_word' id='word_1_168' title='bbox 1079 2225 1114 2288; x_wconf 80' lang='grc' dir='ltr'><strong><em>δὲ</em></strong></span> <span class='ocrx_word' id='word_1_169' title='bbox 1143 2217 1314 2307; x_wconf 79' lang='grc' dir='ltr'><strong><em>δςἈρτην</em></strong></span> 
     </span>
     <span class='ocr_line' id='line_1_21' title="bbox 219 2317 1354 2410; baseline -0.001 -24"><span class='ocrx_word' id='word_1_170' title='bbox 219 2321 279 2407; x_wconf 86' lang='grc' dir='ltr'><strong><em>τὴν</em></strong></span> <span class='ocrx_word' id='word_1_171' title='bbox 299 2345 331 2386; x_wconf 91' lang='grc' dir='ltr'><strong><em>τε</em></strong></span> <span class='ocrx_word' id='word_1_172' title='bbox 352 2319 443 2386; x_wconf 88' lang='grc' dir='ltr'><strong><em>πόλιν</em></strong></span> <span class='ocrx_word' id='word_1_173' title='bbox 463 2317 666 2404; x_wconf 81' lang='grc' dir='ltr'><strong><em>ἐπολιόρκουν</em></strong></span> <span class='ocrx_word' id='word_1_174' title='bbox 685 2325 740 2386; x_wconf 83' lang='grc' dir='ltr'><strong><em>καί</em></strong></span> <span class='ocrx_word' id='word_1_175' title='bbox 757 2323 907 2406; x_wconf 78' lang='grc' dir='ltr'><strong><em>μηχανὰς</em></strong></span> <span class='ocrx_word' id='word_1_176' title='bbox 927 2328 1125 2408; x_wconf 78' lang='grc' dir='ltr'><strong><em>προσέφερον</em></strong></span> <span class='ocrx_word' id='word_1_177' title='bbox 1148 2325 1194 2410; x_wconf 70' lang='grc' dir='ltr'><strong><em>τῷ</em></strong></span> <span class='ocrx_word' id='word_1_178' title='bbox 1214 2323 1354 2404; x_wconf 68' lang='lat' dir='ltr'>erigente</span> 
     </span>
     <span class='ocr_line' id='line_1_22' title="bbox 219 2415 1312 2506; baseline 0.001 -22"><span class='ocrx_word' id='word_1_179' title='bbox 219 2417 264 2496; x_wconf 82' lang='grc' dir='ltr'><strong><em>σός</em></strong></span> <span class='ocrx_word' id='word_1_180' title='bbox 286 2417 480 2506; x_wconf 69' lang='grc' dir='ltr'><strong><em>αἱρήσοντες.</em></strong></span> <span class='ocrx_word' id='word_1_181' title='bbox 524 2421 650 2496; x_wconf 75' lang='grc' dir='ltr'><strong><em>Σπότας</em></strong></span> <span class='ocrx_word' id='word_1_182' title='bbox 667 2423 702 2486; x_wconf 79' lang='grc' dir='ltr'><strong><em>δὲ</em></strong></span> <span class='ocrx_word' id='word_1_183' title='bbox 723 2421 740 2484; x_wconf 86' lang='lat' dir='ltr'><strong><em>o‘</em></strong></span> <span class='ocrx_word' id='word_1_184' title='bbox 760 2425 824 2488; x_wconf 72' lang='grc' dir='ltr'><strong><em>τῶν</em></strong></span> <span class='ocrx_word' id='word_1_185' title='bbox 846 2423 1005 2505; x_wconf 70' lang='grc' dir='ltr'><strong><em>Ἀλβανῶν</em></strong></span> <span class='ocrx_word' id='word_1_186' title='bbox 1027 2421 1154 2506; x_wconf 87' lang='grc' dir='ltr'><strong><em>ἡγεμσόν</em></strong></span> <span class='ocrx_word' id='word_1_187' title='bbox 1176 2415 1230 2506; x_wconf 72' lang='lat' dir='ltr'>(nai</span> <span class='ocrx_word' id='word_1_188' title='bbox 1249 2421 1312 2504; x_wconf 86' lang='grc' dir='ltr'><strong><em>γόρ</em></strong></span> 
     </span>
     <span class='ocr_line' id='line_1_23' title="bbox 217 2515 1312 2611; baseline 0.002 -27"><span class='ocrx_word' id='word_1_189' title='bbox 217 2519 317 2608; x_wconf 74' lang='grc' dir='ltr'><strong><em>εἰσῄει</em></strong></span> <span class='ocrx_word' id='word_1_190' title='bbox 348 2522 381 2597; x_wconf 71' lang='grc' dir='ltr'><strong><em>ἐς</em></strong></span> <span class='ocrx_word' id='word_1_191' title='bbox 419 2518 478 2606; x_wconf 88' lang='grc' dir='ltr'><strong><em>τὴν</em></strong></span> <span class='ocrx_word' id='word_1_192' title='bbox 513 2521 621 2604; x_wconf 85' lang='grc' dir='ltr'><strong><em>πόλιν,</em></strong></span> <span class='ocrx_word' id='word_1_193' title='bbox 650 2515 718 2586; x_wconf 73' lang='grc' dir='ltr'><strong><em>ἀλλ’</em></strong></span> <span class='ocrx_word' id='word_1_194' title='bbox 743 2522 833 2597; x_wconf 86' lang='grc' dir='ltr'><strong><em>ε’κτδς</em></strong></span> <span class='ocrx_word' id='word_1_195' title='bbox 864 2519 986 2611; x_wconf 72' lang='grc' dir='ltr'><strong><em>περιῄει</em></strong></span> <span class='ocrx_word' id='word_1_196' title='bbox 1018 2521 1074 2607; x_wconf 83' lang='grc' dir='ltr'><strong><em>τὴν</em></strong></span> <span class='ocrx_word' id='word_1_197' title='bbox 1093 2517 1217 2609; x_wconf 71' lang='grc' dir='ltr'><strong><em>χώραν)</em></strong></span> <span class='ocrx_word' id='word_1_198' title='bbox 1236 2519 1312 2600; x_wconf 87' lang='grc' dir='ltr'><strong><em>τοός</em></strong></span> 
     </span>
    </p>
   </div>
   <div class='ocr_carea' id='block_1_3' title="bbox 294 2701 1236 2778">
    <p class='ocr_par' dir='ltr' id='par_1_3' title="bbox 294 2701 1236 2778">
     <span class='ocr_line' id='line_1_24' title="bbox 294 2701 1236 2778; baseline 0.003 -23"><span class='ocrx_word' id='word_1_199' title='bbox 294 2704 319 2758; x_wconf 87' lang='grc'><strong><em>1.</em></strong></span> <span class='ocrx_word' id='word_1_200' title='bbox 336 2703 496 2777; x_wconf 72' lang='grc' dir='ltr'><strong><em>ἀφιέμενον</em></strong></span> <span class='ocrx_word' id='word_1_201' title='bbox 513 2707 542 2757; x_wconf 79' lang='lat' dir='ltr'><strong><em>ii.</em></strong></span> <span class='ocrx_word' id='word_1_202' title='bbox 555 2705 705 2775; x_wconf 83' lang='lat' dir='ltr'>genitivum</span> <span class='ocrx_word' id='word_1_203' title='bbox 721 2707 842 2778; x_wconf 86' lang='lat' dir='ltr'>repneuit</span> <span class='ocrx_word' id='word_1_204' title='bbox 858 2707 883 2760; x_wconf 85' lang='lat'><strong><em>11</em></strong></span> <span class='ocrx_word' id='word_1_205' title='bbox 952 2705 978 2758; x_wconf 84' lang='lat'><strong><em>9.</em></strong></span> <span class='ocrx_word' id='word_1_206' title='bbox 997 2701 1201 2768; x_wconf 82' lang='grc' dir='ltr'><strong><em>δπελαόνοντες</em></strong></span> <span class='ocrx_word' id='word_1_207' title='bbox 1217 2705 1236 2758; x_wconf 82' lang='grc' dir='ltr'>Ρ</span> 
     </span>
    </p>
   </div>
   <div class='ocr_carea' id='block_1_4' title="bbox 220 2867 1317 4224">
    <p class='ocr_par' dir='ltr' id='par_1_4' title="bbox 220 2867 1317 4224">
     <span class='ocr_line' id='line_1_25' title="bbox 221 2867 1311 2941; baseline 0.004 -23"><span class='ocrx_word' id='word_1_208' title='bbox 221 2868 360 2930; x_wconf 76' lang='lat' dir='ltr'>mittente,</span> <span class='ocrx_word' id='word_1_209' title='bbox 379 2867 461 2918; x_wconf 85' lang='lat' dir='ltr'>etiam</span> <span class='ocrx_word' id='word_1_210' title='bbox 480 2883 538 2918; x_wconf 87' lang='lat' dir='ltr'>ennr</span> <span class='ocrx_word' id='word_1_211' title='bbox 556 2867 693 2936; x_wconf 85' lang='lat' dir='ltr'>regionem</span> <span class='ocrx_word' id='word_1_212' title='bbox 710 2869 854 2938; x_wconf 81' lang='lat' dir='ltr'>pecoribue</span> <span class='ocrx_word' id='word_1_213' title='bbox 872 2867 1068 2938; x_wconf 74' lang='lat' dir='ltr'>depascendam</span> <span class='ocrx_word' id='word_1_214' title='bbox 1081 2870 1216 2924; x_wconf 76' lang='lat' dir='ltr'>obiecere.</span> <span class='ocrx_word' id='word_1_215' title='bbox 1234 2879 1311 2941; x_wconf 63' lang='lat' dir='ltr'>poet</span> 
     </span>
     <span class='ocr_line' id='line_1_26' title="bbox 222 2939 1311 3012; baseline 0.001 -20"><span class='ocrx_word' id='word_1_216' title='bbox 222 2957 254 2992; x_wconf 86' lang='lat' dir='ltr'><strong><em>ea</em></strong></span> <span class='ocrx_word' id='word_1_217' title='bbox 274 2940 401 2992; x_wconf 87' lang='lat' dir='ltr'>convenit</span> <span class='ocrx_word' id='word_1_218' title='bbox 427 2940 499 2990; x_wconf 88' lang='lat' dir='ltr'>inter</span> <span class='ocrx_word' id='word_1_219' title='bbox 525 2941 598 3008; x_wconf 84' lang='grc' dir='ltr'><strong><em>λριοε</em></strong></span> <span class='ocrx_word' id='word_1_220' title='bbox 622 2947 653 2992; x_wconf 85' lang='lat' dir='ltr'><strong><em>ut</em></strong></span> <span class='ocrx_word' id='word_1_221' title='bbox 669 2939 780 2992; x_wconf 73' lang='lat' dir='ltr'>inuidiae</span> <span class='ocrx_word' id='word_1_222' title='bbox 809 2939 954 2994; x_wconf 85' lang='lat' dir='ltr'>tenderent</span> <span class='ocrx_word' id='word_1_223' title='bbox 970 2941 1092 3004; x_wconf 76' lang='lat' dir='ltr'>Graecia,</span> <span class='ocrx_word' id='word_1_224' title='bbox 1112 2950 1252 3012; x_wconf 84' lang='lat' dir='ltr'>uteunque</span> <span class='ocrx_word' id='word_1_225' title='bbox 1270 2951 1311 2993; x_wconf 91' lang='lat' dir='ltr'><strong><em>ta-</em></strong></span> 
     </span>
     <span class='ocr_line' id='line_1_27' title="bbox 221 3008 1310 3082; baseline 0.002 -21"><span class='ocrx_word' id='word_1_226' title='bbox 221 3025 283 3061; x_wconf 85' lang='lat' dir='ltr'>rnen</span> <span class='ocrx_word' id='word_1_227' title='bbox 303 3025 343 3060; x_wconf 84' lang='lat' dir='ltr'><strong><em>ree</em></strong></span> <span class='ocrx_word' id='word_1_228' title='bbox 363 3008 513 3061; x_wconf 85' lang='lat' dir='ltr'>cecidieret.</span> <span class='ocrx_word' id='word_1_229' title='bbox 533 3017 561 3062; x_wconf 88' lang='lat' dir='ltr'><strong><em>et</em></strong></span> <span class='ocrx_word' id='word_1_230' title='bbox 578 3027 641 3062; x_wconf 83' lang='lat' dir='ltr'>rane</span> <span class='ocrx_word' id='word_1_231' title='bbox 661 3009 723 3062; x_wconf 86' lang='lat' dir='ltr'>duci</span> <span class='ocrx_word' id='word_1_232' title='bbox 745 3011 850 3074; x_wconf 74' lang='lat' dir='ltr'>isaaco,</span> <span class='ocrx_word' id='word_1_233' title='bbox 869 3013 917 3082; x_wconf 91' lang='lat' dir='ltr'><strong><em>qui</em></strong></span> <span class='ocrx_word' id='word_1_234' title='bbox 938 3022 1065 3065; x_wconf 80' lang='lat' dir='ltr'>renatum</span> <span class='ocrx_word' id='word_1_235' title='bbox 1085 3013 1225 3082; x_wconf 75' lang='lat' dir='ltr'>proiectus</span> <span class='ocrx_word' id='word_1_236' title='bbox 1244 3021 1310 3077; x_wconf 84' lang='lat' dir='ltr'>erat,</span> 
     </span>
     <span class='ocr_line' id='line_1_28' title="bbox 220 3077 1311 3154; baseline 0.003 -21"><span class='ocrx_word' id='word_1_237' title='bbox 220 3081 320 3133; x_wconf 79' lang='lat' dir='ltr'>Albani</span> <span class='ocrx_word' id='word_1_238' title='bbox 341 3081 480 3132; x_wconf 82' lang='lat' dir='ltr'>venienter</span> <span class='ocrx_word' id='word_1_239' title='bbox 499 3077 613 3132; x_wconf 84' lang='lat' dir='ltr'>inridier</span> <span class='ocrx_word' id='word_1_240' title='bbox 633 3089 742 3134; x_wconf 75' lang='lat' dir='ltr'>struunt</span> <span class='ocrx_word' id='word_1_241' title='bbox 759 3079 828 3134; x_wconf 85' lang='lat' dir='ltr'>duce</span> <span class='ocrx_word' id='word_1_242' title='bbox 845 3083 945 3154; x_wconf 80' lang='lat' dir='ltr'>spata,</span> <span class='ocrx_word' id='word_1_243' title='bbox 962 3086 1010 3152; x_wconf 89' lang='lat' dir='ltr'><strong><em>qui</em></strong></span> <span class='ocrx_word' id='word_1_244' title='bbox 1036 3099 1096 3136; x_wconf 87' lang='lat' dir='ltr'>curn</span> <span class='ocrx_word' id='word_1_245' title='bbox 1114 3083 1185 3138; x_wconf 81' lang='lat' dir='ltr'>seret</span> <span class='ocrx_word' id='word_1_246' title='bbox 1202 3084 1243 3136; x_wconf 88' lang='lat' dir='ltr'><strong><em>rir</em></strong></span> <span class='ocrx_word' id='word_1_247' title='bbox 1261 3084 1311 3136; x_wconf 85' lang='lat' dir='ltr'><strong><em>ina·</em></strong></span> 
     </span>
     <span class='ocr_line' id='line_1_29' title="bbox 220 3149 1311 3225; baseline 0.004 -23"><span class='ocrx_word' id='word_1_248' title='bbox 220 3151 299 3220; x_wconf 85' lang='lat' dir='ltr'>piger</span> <span class='ocrx_word' id='word_1_249' title='bbox 319 3158 347 3202; x_wconf 87' lang='lat' dir='ltr'><strong><em>et</em></strong></span> <span class='ocrx_word' id='word_1_250' title='bbox 365 3149 400 3202; x_wconf 82' lang='lat' dir='ltr'><strong><em>ed</em></strong></span> <span class='ocrx_word' id='word_1_251' title='bbox 418 3151 508 3203; x_wconf 86' lang='lat' dir='ltr'>omniu</span> <span class='ocrx_word' id='word_1_252' title='bbox 528 3151 634 3216; x_wconf 82' lang='lat' dir='ltr'>audax,</span> <span class='ocrx_word' id='word_1_253' title='bbox 653 3153 798 3222; x_wconf 83' lang='lat' dir='ltr'>plurimum</span> <span class='ocrx_word' id='word_1_254' title='bbox 816 3155 871 3206; x_wconf 85' lang='lat' dir='ltr'>enir</span> <span class='ocrx_word' id='word_1_255' title='bbox 892 3171 925 3206; x_wconf 83' lang='lat' dir='ltr'><strong><em>eo</em></strong></span> <span class='ocrx_word' id='word_1_256' title='bbox 945 3163 1065 3225; x_wconf 87' lang='lat' dir='ltr'>tempore</span> <span class='ocrx_word' id='word_1_257' title='bbox 1083 3155 1195 3208; x_wconf 78' lang='lat' dir='ltr'>audacie</span> <span class='ocrx_word' id='word_1_258' title='bbox 1209 3163 1238 3206; x_wconf 85' lang='lat' dir='ltr'><strong><em>et</em></strong></span> <span class='ocrx_word' id='word_1_259' title='bbox 1256 3155 1311 3206; x_wconf 82' lang='lat' dir='ltr'>ior-</span> 
     </span>
     <span class='ocr_line' id='line_1_30' title="bbox 221 3219 1311 3292; baseline 0.005 -19"><span class='ocrx_word' id='word_1_260' title='bbox 221 3219 341 3273; x_wconf 85' lang='lat' dir='ltr'>titudiue</span> <span class='ocrx_word' id='word_1_261' title='bbox 358 3221 470 3292; x_wconf 78' lang='lat' dir='ltr'>profuit.</span> <span class='ocrx_word' id='word_1_262' title='bbox 507 3223 602 3275; x_wconf 88' lang='lat' dir='ltr'>dueenr</span> <span class='ocrx_word' id='word_1_263' title='bbox 624 3225 753 3276; x_wconf 74' lang='lat' dir='ltr'>inaurium</span> <span class='ocrx_word' id='word_1_264' title='bbox 773 3241 806 3277; x_wconf 89' lang='lat' dir='ltr'><strong><em>eo</em></strong></span> <span class='ocrx_word' id='word_1_265' title='bbox 823 3225 875 3276; x_wconf 84' lang='lat' dir='ltr'>loni</span> <span class='ocrx_word' id='word_1_266' title='bbox 897 3225 1079 3279; x_wconf 80' lang='lat' dir='ltr'>coniecerunt.</span> <span class='ocrx_word' id='word_1_267' title='bbox 1099 3225 1163 3278; x_wconf 84' lang='lat' dir='ltr'>hinc</span> <span class='ocrx_word' id='word_1_268' title='bbox 1180 3225 1311 3278; x_wconf 80' lang='lat' dir='ltr'>continuo</span> 
     </span>
     <span class='ocr_line' id='line_1_31' title="bbox 222 3292 1312 3368; baseline 0.004 -24"><span class='ocrx_word' id='word_1_269' title='bbox 222 3292 404 3344; x_wconf 73' lang='lat' dir='ltr'><strong>incursionem</strong></span> <span class='ocrx_word' id='word_1_270' title='bbox 421 3294 451 3344; x_wconf 91' lang='lat' dir='ltr'><strong><em>iu</em></strong></span> <span class='ocrx_word' id='word_1_271' title='bbox 469 3296 607 3362; x_wconf 81' lang='lat' dir='ltr'>regionem</span> <span class='ocrx_word' id='word_1_272' title='bbox 626 3297 683 3346; x_wconf 89' lang='lat' dir='ltr'>eine</span> <span class='ocrx_word' id='word_1_273' title='bbox 698 3295 826 3348; x_wconf 80' lang='lat' dir='ltr'>iacientee</span> <span class='ocrx_word' id='word_1_274' title='bbox 841 3311 899 3348; x_wconf 86' lang='lat' dir='ltr'>earn</span> <span class='ocrx_word' id='word_1_275' title='bbox 919 3297 1065 3366; x_wconf 74' lang='lat' dir='ltr'>subegere,</span> <span class='ocrx_word' id='word_1_276' title='bbox 1084 3298 1209 3368; x_wconf 84' lang='lat' dir='ltr'>rirnrque</span> <span class='ocrx_word' id='word_1_277' title='bbox 1230 3313 1312 3367; x_wconf 82' lang='lat' dir='ltr'>quoe·</span> 
     </span>
     <span class='ocr_line' id='line_1_32' title="bbox 224 3364 1313 3508; baseline 0.002 -20"><span class='ocrx_word' id='word_1_278' title='bbox 224 3364 487 3506; x_wconf 61' lang='lat' dir='ltr'><strong><em>iii&#39;tttstit</em></strong></span> <span class='ocrx_word' id='word_1_279' title='bbox 507 3364 1313 3508; x_wconf 49' lang='lat' dir='ltr'><strong><em>iititti‘itittit&#39;:fiii*utt‘tttt’i&#39;sifflii</em></strong></span> 
     </span>
     <span class='ocr_line' id='line_1_33' title="bbox 225 3457 1314 3648; baseline 0.004 -19"><span class='ocrx_word' id='word_1_280' title='bbox 225 3521 346 3630; x_wconf 70' lang='grc' dir='ltr'><strong><em>τοι,</em></strong></span> <span class='ocrx_word' id='word_1_281' title='bbox 361 3507 736 3648; x_wconf 56' lang='lat' dir='ltr'>nuntianter</span> <span class='ocrx_word' id='word_1_282' title='bbox 766 3457 1314 3635; x_wconf 57' lang='lat' dir='ltr'><strong><em>uutintinnia-</em></strong></span> 
     </span>
     <span class='ocr_line' id='line_1_34' title="bbox 226 3597 1314 3722; baseline 0.002 -22"><span class='ocrx_word' id='word_1_283' title='bbox 226 3665 308 3718; x_wconf 73' lang='grc' dir='ltr'><strong><em>ροισι</em></strong></span> <span class='ocrx_word' id='word_1_284' title='bbox 327 3651 413 3719; x_wconf 80' lang='lat' dir='ltr'>quieti</span> <span class='ocrx_word' id='word_1_285' title='bbox 439 3665 469 3702; x_wconf 83' lang='lat' dir='ltr'><strong><em>re</em></strong></span> <span class='ocrx_word' id='word_1_286' title='bbox 497 3648 643 3720; x_wconf 76' lang='lat' dir='ltr'>tradentee.</span> <span class='ocrx_word' id='word_1_287' title='bbox 681 3617 726 3702; x_wconf 56' lang='lat' dir='ltr'>hir,</span> <span class='ocrx_word' id='word_1_288' title='bbox 742 3597 807 3704; x_wconf 67' lang='grc' dir='ltr'><strong><em>αδοιί</em></strong></span> <span class='ocrx_word' id='word_1_289' title='bbox 826 3653 959 3722; x_wconf 83' lang='lat' dir='ltr'>principer</span> <span class='ocrx_word' id='word_1_290' title='bbox 979 3653 1171 3722; x_wconf 84' lang='lat' dir='ltr'>Nerpoiitani,</span> <span class='ocrx_word' id='word_1_291' title='bbox 1189 3617 1225 3704; x_wconf 76' lang='grc' dir='ltr'><strong><em>αδ</em></strong></span> <span class='ocrx_word' id='word_1_292' title='bbox 1244 3653 1314 3704; x_wconf 86' lang='lat' dir='ltr'>cnr-</span> 
     </span>
     <span class='ocr_line' id='line_1_35' title="bbox 226 3719 1314 3795; baseline 0.004 -25"><span class='ocrx_word' id='word_1_293' title='bbox 226 3736 288 3786; x_wconf 77' lang='lat' dir='ltr'>nyra</span> <span class='ocrx_word' id='word_1_294' title='bbox 306 3719 395 3772; x_wconf 84' lang='lat' dir='ltr'>inrule</span> <span class='ocrx_word' id='word_1_295' title='bbox 413 3729 554 3790; x_wconf 74' lang='lat' dir='ltr'>pergentes</span> <span class='ocrx_word' id='word_1_296' title='bbox 573 3721 699 3792; x_wconf 86' lang='lat' dir='ltr'>(inruiurn</span> <span class='ocrx_word' id='word_1_297' title='bbox 719 3725 792 3774; x_wconf 87' lang='lat' dir='ltr'>enim</span> <span class='ocrx_word' id='word_1_298' title='bbox 809 3725 888 3776; x_wconf 86' lang='lat' dir='ltr'>ietatn</span> <span class='ocrx_word' id='word_1_299' title='bbox 908 3742 939 3776; x_wconf 82' lang='lat' dir='ltr'><strong><em>ea</em></strong></span> <span class='ocrx_word' id='word_1_300' title='bbox 956 3733 1116 3795; x_wconf 84' lang='lat' dir='ltr'>tempertnte</span> <span class='ocrx_word' id='word_1_301' title='bbox 1130 3724 1314 3792; x_wconf 73' lang='lat' dir='ltr'>Parthenopes</span> 
     </span>
     <span class='ocr_line' id='line_1_36' title="bbox 227 3791 1314 3865; baseline 0.004 -25"><span class='ocrx_word' id='word_1_302' title='bbox 227 3805 302 3858; x_wconf 86' lang='lat' dir='ltr'>regee</span> <span class='ocrx_word' id='word_1_303' title='bbox 321 3791 462 3860; x_wconf 79' lang='lat' dir='ltr'>tenebant)</span> <span class='ocrx_word' id='word_1_304' title='bbox 493 3800 522 3845; x_wconf 91' lang='lat' dir='ltr'><strong><em>et</em></strong></span> <span class='ocrx_word' id='word_1_305' title='bbox 538 3797 629 3862; x_wconf 80' lang='lat' dir='ltr'>copiae</span> <span class='ocrx_word' id='word_1_306' title='bbox 653 3793 842 3847; x_wconf 75' lang='lat' dir='ltr'>contrahentes</span> <span class='ocrx_word' id='word_1_307' title='bbox 864 3795 1103 3865; x_wconf 84' lang='lat' dir='ltr'>proficircebantur</span> <span class='ocrx_word' id='word_1_308' title='bbox 1121 3803 1215 3848; x_wconf 79' lang='lat' dir='ltr'>contre</span> <span class='ocrx_word' id='word_1_309' title='bbox 1233 3797 1314 3846; x_wconf 78' lang='lat' dir='ltr'>Acar·</span> 
     </span>
     <span class='ocr_line' id='line_1_37' title="bbox 226 3861 1314 3934; baseline 0.006 -24"><span class='ocrx_word' id='word_1_310' title='bbox 226 3861 342 3924; x_wconf 79' lang='lat' dir='ltr'>neniam,</span> <span class='ocrx_word' id='word_1_311' title='bbox 360 3870 391 3914; x_wconf 90' lang='lat' dir='ltr'><strong><em>ut</em></strong></span> <span class='ocrx_word' id='word_1_312' title='bbox 408 3862 528 3916; x_wconf 73' lang='lat' dir='ltr'>Albanos</span> <span class='ocrx_word' id='word_1_313' title='bbox 545 3879 578 3915; x_wconf 80' lang='lat' dir='ltr'><strong><em>er</em></strong></span> <span class='ocrx_word' id='word_1_314' title='bbox 607 3881 655 3916; x_wconf 84' lang='lat' dir='ltr'><strong><em>ena</em></strong></span> <span class='ocrx_word' id='word_1_315' title='bbox 682 3867 791 3934; x_wconf 84' lang='lat' dir='ltr'>regione</span> <span class='ocrx_word' id='word_1_316' title='bbox 811 3865 988 3919; x_wconf 73' lang='lat' dir='ltr'>deturbarent</span> <span class='ocrx_word' id='word_1_317' title='bbox 1010 3873 1038 3920; x_wconf 88' lang='lat' dir='ltr'><strong><em>et</em></strong></span> <span class='ocrx_word' id='word_1_318' title='bbox 1052 3869 1135 3919; x_wconf 77' lang='lat' dir='ltr'>Arten</span> <span class='ocrx_word' id='word_1_319' title='bbox 1148 3867 1314 3918; x_wconf 75' lang='lat' dir='ltr'>Acarnaniae</span> 
     </span>
     <span class='ocr_line' id='line_1_38' title="bbox 226 3931 1314 4006; baseline 0.005 -24"><span class='ocrx_word' id='word_1_320' title='bbox 226 3931 319 3984; x_wconf 85' lang='lat' dir='ltr'>urbem</span> <span class='ocrx_word' id='word_1_321' title='bbox 337 3941 441 4001; x_wconf 77' lang='lat' dir='ltr'>ceptum</span> <span class='ocrx_word' id='word_1_322' title='bbox 460 3943 658 4004; x_wconf 79' lang='lat' dir='ltr'>recuperarent.</span> <span class='ocrx_word' id='word_1_323' title='bbox 694 3938 740 4006; x_wconf 85' lang='lat' dir='ltr'><strong><em>qui</em></strong></span> <span class='ocrx_word' id='word_1_324' title='bbox 761 3936 936 3994; x_wconf 74' lang='lat' dir='ltr'>advenientes</span> <span class='ocrx_word' id='word_1_325' title='bbox 960 3942 1042 4002; x_wconf 80' lang='lat' dir='ltr'>Arten</span> <span class='ocrx_word' id='word_1_326' title='bbox 1059 3938 1233 3998; x_wconf 73' lang='lat' dir='ltr'>obtuderunt,</span> <span class='ocrx_word' id='word_1_327' title='bbox 1251 3937 1314 3990; x_wconf 88' lang='lat' dir='ltr'>bel·</span> 
     </span>
     <span class='ocr_line' id='line_1_39' title="bbox 227 4003 1316 4078; baseline 0.007 -27"><span class='ocrx_word' id='word_1_328' title='bbox 227 4003 346 4070; x_wconf 76' lang='lat' dir='ltr'>licetque</span> <span class='ocrx_word' id='word_1_329' title='bbox 365 4003 500 4058; x_wconf 81' lang='lat' dir='ltr'>machiner</span> <span class='ocrx_word' id='word_1_330' title='bbox 520 4021 597 4059; x_wconf 85' lang='lat' dir='ltr'>muro</span> <span class='ocrx_word' id='word_1_331' title='bbox 616 4006 813 4072; x_wconf 85' lang='lat' dir='ltr'>admoverunt,</span> <span class='ocrx_word' id='word_1_332' title='bbox 830 4019 862 4062; x_wconf 88' lang='lat' dir='ltr'><strong><em>ut</em></strong></span> <span class='ocrx_word' id='word_1_333' title='bbox 879 4009 972 4061; x_wconf 82' lang='lat' dir='ltr'>urbem</span> <span class='ocrx_word' id='word_1_334' title='bbox 989 4009 1014 4060; x_wconf 85' lang='lat' dir='ltr'><strong><em>vi</em></strong></span> <span class='ocrx_word' id='word_1_335' title='bbox 1036 4018 1173 4078; x_wconf 77' lang='lat' dir='ltr'>caperent.</span> <span class='ocrx_word' id='word_1_336' title='bbox 1218 4009 1316 4078; x_wconf 81' lang='lat' dir='ltr'>Spatae</span> 
     </span>
     <span class='ocr_line' id='line_1_40' title="bbox 228 4071 1317 4142; baseline 0.006 -18"><span class='ocrx_word' id='word_1_337' title='bbox 228 4071 394 4124; x_wconf 74' lang='lat' dir='ltr'>Albanorum</span> <span class='ocrx_word' id='word_1_338' title='bbox 420 4073 474 4126; x_wconf 81' lang='lat' dir='ltr'><strong><em>dux</em></strong></span> <span class='ocrx_word' id='word_1_339' title='bbox 496 4075 571 4129; x_wconf 82' lang='lat' dir='ltr'>hand</span> <span class='ocrx_word' id='word_1_340' title='bbox 596 4079 668 4130; x_wconf 89' lang='lat' dir='ltr'>intra</span> <span class='ocrx_word' id='word_1_341' title='bbox 686 4080 793 4131; x_wconf 82' lang='lat' dir='ltr'>moenia</span> <span class='ocrx_word' id='word_1_342' title='bbox 819 4097 847 4132; x_wconf 84' lang='lat' dir='ltr'><strong><em>ee</em></strong></span> <span class='ocrx_word' id='word_1_343' title='bbox 869 4079 1039 4142; x_wconf 82' lang='lat' dir='ltr'>continebat,</span> <span class='ocrx_word' id='word_1_344' title='bbox 1058 4080 1107 4134; x_wconf 80' lang='lat' dir='ltr'><strong><em>red</em></strong></span> <span class='ocrx_word' id='word_1_345' title='bbox 1123 4088 1198 4134; x_wconf 80' lang='lat' dir='ltr'>extra</span> <span class='ocrx_word' id='word_1_346' title='bbox 1220 4079 1317 4130; x_wconf 81' lang='lat' dir='ltr'>urbem</span> 
     </span>
     <span class='ocr_line' id='line_1_41' title="bbox 228 4141 1317 4224; baseline 0.012 -29"><span class='ocrx_word' id='word_1_347' title='bbox 228 4141 406 4197; x_wconf 78' lang='lat' dir='ltr'>obambulant</span> <span class='ocrx_word' id='word_1_348' title='bbox 418 4148 705 4217; x_wconf 77' lang='lat' dir='ltr'>tourulebatAibanie,</span> <span class='ocrx_word' id='word_1_349' title='bbox 723 4167 794 4223; x_wconf 82' lang='lat' dir='ltr'>quoe</span> <span class='ocrx_word' id='word_1_350' title='bbox 809 4151 838 4204; x_wconf 90' lang='lat' dir='ltr'><strong><em>in</em></strong></span> <span class='ocrx_word' id='word_1_351' title='bbox 856 4165 938 4204; x_wconf 89' lang='lat' dir='ltr'>unurn</span> <span class='ocrx_word' id='word_1_352' title='bbox 954 4151 1114 4222; x_wconf 82' lang='lat' dir='ltr'>collegerat,</span> <span class='ocrx_word' id='word_1_353' title='bbox 1133 4160 1165 4206; x_wconf 87' lang='lat' dir='ltr'><strong><em>ut</em></strong></span> <span class='ocrx_word' id='word_1_354' title='bbox 1180 4167 1209 4206; x_wconf 79' lang='lat' dir='ltr'><strong><em>ee</em></strong></span> <span class='ocrx_word' id='word_1_355' title='bbox 1222 4167 1317 4224; x_wconf 81' lang='lat' dir='ltr'><strong>prom·</strong></span> 
     </span>
    </p>
   </div>
   <div class='ocr_carea' id='block_1_5' title="bbox 0 0 1389 4630">
    <p class='ocr_par' dir='ltr' id='par_1_5' title="bbox 0 0 1389 4630">
     <span class='ocr_line' id='line_1_42' title="bbox 0 0 1389 4630; baseline 0 0"><span class='ocrx_word' id='word_1_356' title='bbox 0 0 1389 4630; x_wconf 95' lang='lat' dir='ltr'><strong><em> </em></strong></span> 
     </span>
    </p>
   </div>
  </div>
 </body>
</html>
