2696 4616
325 295 380 356 DE
412 293 540 355 REBUS
568 289 760 356 TURClClS
790 293 826 353 L.
847 291 900 352 tx.
1094 287 1167 358 509

56 447 208 518 Παίονες
232 437 394 510 chersone
417 455 453 506 τε
479 449 545 518 τοῖς
574 440 695 524 λόγοις,
714 441 770 506 καί
797 438 942 525 οόρμηντο
963 445 1094 528 βοηθεῖν
1115 441 1171 508 soi

57 546 94 620 ἐς
118 542 160 610 τό
184 543 322 626 μα’λιστο
344 538 526 622 ἐπαμόνειν.
569 545 734 624 συνέλεγον
755 543 790 605 di
810 539 1000 622 στρότεομα.

155 645 226 708 Καί
246 637 276 705 oi
296 643 357 722 μὲν
387 641 421 706 ἐν
450 640 573 716 τούτοις
594 632 688 727 ἦσαν,
709 637 859 722 βασιλεός
880 641 915 702 δὲ
939 643 1200 722 προσελοόνιονῠ

60 741 129 808 σόν
149 745 195 830 τῷ
213 741 342 830 στρατῷ
369 737 546 823 ἐνεπίμπρα
571 742 630 820 μὲν
663 737 721 813 τός
741 735 848 820 κώμας
873 739 928 804 καί
946 737 986 803 τό
1011 736 1167 826 όποζόγιιι

27 839 257 926 δόιὴρπαζεν,
289 831 337 915 οἷς
365 833 405 904 όν
431 841 610 923 περιτύχοι.
662 843 719 904 καί
747 838 931 920 όνόρόποόο
958 835 1042 904 πάνυ
1076 841 1167 925 όλίγσ

62 938 179 1026 ἤγοντο
211 944 245 1018 ἐς
276 940 309 1006 τό
338 938 552 1022 στρατόπεδον
581 937 611 1003 oi
634 936 837 1022 ἱπποόρόμοι,
860 937 953 1004 edroi
974 942 1008 1006 δέ
1028 937 1165 1022 μάλιστα

62 1039 302 1127 διεφθείροντο,
326 1037 359 1105 εἴ
373 1037 435 1103 nod
457 1038 631 1115 ιιςαότιόν
651 1041 882 1124 ὀίποσπαοθειιγ
902 1039 965 1103 α’πό
986 1042 1044 1105 rosi
1066 1051 1171 1125 στρα.’
1242 1063 1246 1078 '

64 1144 216 1206 τοπέόοο.
270 1135 398 1213 Βλόόος
419 1139 455 1202 di
480 1139 603 1221 λέγεται
634 1137 689 1202 καί
712 1136 809 1214 aalide
829 1136 861 1212 ἐς
879 1140 914 1204 τὸ
936 1141 993 1203 τοῦ
1011 1142 1167 1221 βασιλέως

64 1241 283 1324 στρατόπεδον
296 1237 492 1314 κατάσκοπος
512 1235 655 1304 ἐσελθεῖν
668 1238 724 1303 ναί
738 1243 869 1321 πορειῶν
889 1241 1099 1324 ἐπισκοπῆσαι
1121 1237 1166 1316 σός

7 1342 136 1422 ιθέχει
158 1337 192 1404 τό
214 1339 431 1422 στρατόπεδον.
474 1338 513 1402 ου’
533 1341 688 1420 πείθομαι
720 1341 755 1404 όέ
773 1339 901 1402 Βλόόον
928 1337 1023 1403 αότόν
1052 1339 1164 1424 ἐθελῆ-

63 1466 121 1506 σαι
147 1443 180 1515 ἐς
208 1439 357 1504 τοσοότον
386 1440 529 1503 κίνδυνον
563 1431 747 1524 (ἐφικέσθαι,
770 1433 814 1512 σός
835 1435 937 1518 παρόν
961 1439 1045 1526 αὐτῷ
1066 1463 1163 1504 κατα.

62 1539 197 1615 σκόποις
225 1534 353 1613 πολλοῖς
381 1540 527 1622 χρῆσθαι
559 1579 777 1601 .......
809 1534 842 1611 ἐς
863 1534 919 1619 τὴν
940 1539 1086 1622 ἐξήγησιν
1107 1542 1162 1624 τῆς

63 1635 185 1723 τόλμης
208 1639 321 1704 adreci.
370 1634 468 1711 αότός
487 1637 545 1716 μὲν
576 1629 633 1700 σόν
652 1637 707 1700 ναί
725 1635 846 1719 ἡμέρας
865 1636 1008 1702 ἐπελθοόν
1033 1639 1196 1722 ἐγγοτό.ρ,
1208 1661 1262 1716 271

64 1763 112 1802 τοι
135 1741 193 1802 τοῦ
225 1738 440 1820 στρατοπέδου
462 1734 630 1801 ἐπεσκόπει
652 1759 684 1801 τι
717 1733 775 1812 τός
796 1740 952 1818 βασιλέως
971 1738 1088 1822 σιιηνόις
1107 1738 1163 1805 καί

12 1835 124 1921 15ιὴν
152 1831 403 1919 Μαχοομοότειο
432 1833 487 1900 καί
512 1832 571 1919 τήν
592 1833 719 1920 α’γορόν.
774 1831 855 1917 ἔχων
876 1838 911 1900 di
941 1840 995 1901 καί
1014 1837 1262 1919 ἑλόιιοοςγ,γγγ

65 1941 129 2003 τεόν
149 1939 274 2020 μορίων
296 1932 417 1999 ἱππίων
440 1931 530 2018 (ἔνιοι
553 1938 589 1998 (λε’
602 1959 701 2021 φασιν
711 1934 756 2010 σός
779 1937 818 1999 od
840 1937 1041 2012 πλείσοςτιόν
1060 1932 1161 2004 ἐπτο-

66 2039 231 2120 κισχιλίοον
255 2035 403 2119 παρῆσαν
434 2035 519 2122 αότρῖ
540 2033 674 2120 ἱππίων)
706 2035 766 2101 σόν
796 2037 921 2111 τοότοις
943 2037 1018 2122 περὶ
1035 2038 1162 2124 πρώτην

67 2136 213 2224 φυλακὴν
241 2137 296 2220 τῆς
331 2133 442 2209 νυκτός
477 2131 631 2208 ἐπελάσας
666 2137 846 2216 είοέβολλεν
877 2137 910 2213 ἐς
938 2133 973 2201 τό
1005 2139 1161 2218 βασιλέως

66 2234 292 2320 στρατόπετλον.
334 2237 389 2299 κοτ’
420 2233 554 2316 όείμαια
573 2239 633 2314 μὲν
654 2239 779 2318 πρῶτον
797 2233 915 2319 ἐγένετο
937 2241 971 2303 ἐν
992 2241 1038 2326 τῷ
1058 2261 1158 2321 στρα-

16 2345 58 2400 20
68 2341 187 2424 τοπέόρι
207 2335 341 2418 μεγάλα,
362 2333 494 2418 στρατὸν
514 2339 614 2417 μὲγαν
629 2332 794 2419 α’λλότριον
815 2337 869 2400 καί
888 2335 1030 2420 ἐπὴλοόα
1051 2339 1159 2420 οίομέ-

68 2463 130 2502 νιον
162 2439 224 2502 τοῖν
251 2438 308 2501 roei
334 2440 492 2516 βασιλέως
517 2438 690 2500 ἐπιθέσθαι
724 2437 837 2522 σφίσι,
869 2439 925 2500 καί
950 2435 1056 2514 αότός.
1105 2443 1160 2505 καί

69 2535 213 2620 ἐνόμιζον
234 2533 431 2600 ἀπόλλυσθαι
464 2531 567 2624 πάνυ,
601 2532 634 2610 ἐς
664 2535 762 2620 φόβον
782 2558 814 2600 ra
836 2534 934 2602 πολόν
952 2541 1006 2606 καί
1025 2540 1157 2621 desirata

72 2866 121 2950 pti·
132 2872 321 2988 stranttomnes
341 2872 372 2916 ut
388 2864 466 2916 Dacis
484 2865 623 2936 suppetias
640 2865 750 2930 ferrent,
779 2873 807 2918 et
825 2865 896 2918 boati
915 2882 994 2938 quam
1013 2865 1157 2919 fortissime

72 2954 136 2989 ΙῊΙΙ
149 2953 212 2988 etei]
228 2969 235 2984 ι

143 3024 253 3075 Delectu
273 3022 355 3090 igitur
365 3021 459 3074 habito
473 3025 690 3093 conscripserunt
708 3025 863 3075 exercitum.
900 3023 942 3076 bis
963 3024 1073 3094 quidem
1088 3025 1158 3078 Pau·

72 3112 154 3148 nones
174 3103 250 3146 erant
269 3094 402 3162 occupati.
441 3109 486 3144 rex
503 3103 592 3146 autem
611 3093 706 3146 hostili
726 3095 814 3144 animo
843 3111 902 3146 cnm
922 3098 1041 3147 exercitu
1061 3113 1158 3166 proce-

73 3167 146 3228 dens,
164 3181 325 3236 quacunque
344 3163 576 3235 proficiscebatur,
595 3167 668 3217 vicos
689 3164 866 3226 incendebat,
886 3183 982 3234 pecora
1000 3167 1157 3236 diripiebat,

94 3253 247 3308 unocunque
264 3249 338 3288 casua
356 3235 507 3288 obtulisset.
553 3237 659 3305 equites
680 3238 745 3304 regii
771 3237 903 3305 mancipia
923 3254 1007 3306 patrea
1025 3239 1053 3288 in
1073 3247 1158 3289 castra

73 3255 217 3360 ducebant:
238 3325 329 3358 serum
349 3308 432 3374 magis
451 3307 503 3374 ipsi
518 3307 675 3369 interibant,
694 3308 715 3358 si
734 3307 842 3376 quando
860 3308 894 3358 ab
907 3309 1011 3376 agmine
1024 3309 1157 3362 incautius

73 3381 154 3431 avrrlsi
173 3381 287 3431 lucrant.
330 3377 422 3430 serunt
450 3375 561 3427 Bladum
587 3379 675 3446 ipsum
705 3379 822 3446 integit
847 3386 931 3430 eastra
962 3381 1158 3449 speculatorem

73 3453 174 3503 senisse
194 3459 221 3502 et
242 3448 347 3516 singula
366 3455 535 3518 praesentem
555 3448 746 3500 consideratae.
794 3458 960 3502 nontamen
977 3449 1042 3501 mibi
1063 3451 1157 3502 verisi-

73 3524 134 3574 mile
154 3520 259 3573 videtur
277 3519 388 3571 Blndum
407 3518 523 3571 voluisse
541 3525 617 3570 tanto
637 3536 665 3570 se
684 3519 850 3572 committere
869 3520 1000 3589 periculo,
1018 3538 1077 3572 cum
1096 3523 1157 3590 plu·

75 3596 143 3644 rimis
163 3591 291 3663 potuerit,
312 3591 357 3660 qui
376 3598 483 3658 praesto
503 3597 589 3652 erant,
609 3591 648 3640 uti
672 3589 894 3659 speculatoribus.
931 3589 979 3644 sed
997 3591 1109 3644 forsitan
1128 3591 1157 3644 id

74 3665 210 3715 confictum
230 3671 286 3721 est,
312 3669 341 3714 ut
369 3663 418 3712 viri
445 3659 557 3712 arrdacia
584 3660 714 3726 insignior
740 3669 931 3713 ostentaretur.
974 3672 1157 3716 verumtamen

75 3736 165 3788 Bladus
184 3733 302 3784 interdiu
320 3730 466 3784 accedebat
491 3747 570 3801 quam
595 3734 716 3800 proxime
741 3731 775 3784 ad
802 3731 912 3784 hostilia
931 3739 1031 3796 caetra,
1048 3743 1075 3786 et
1093 3743 1156 3788 tcu-

75 3807 140 3858 toria
157 3805 272 3855 militum
291 3804 424 3874 regisque,
445 3819 550 3854 necnon
569 3801 657 3854 sorum
677 3803 918 3872 contemplabatur.
958 3803 1054 3856 bladus
1063 3795 1157 3858 'babe-

75 3877 119 3927 bat
135 3877 238 3946 equites
265 3876 403 3944 pauciores
429 3891 509 3943 qsram
536 3873 628 3926 decem
655 3875 737 3926 milia.
781 3883 844 3928 sunt
862 3883 951 3928 tamen
981 3878 1027 3948 qui
1049 3877 1157 3930 tradant

77 3963 201 3999 eumnon
220 3947 312 4014 plures
332 3963 412 4016 quam
431 3953 535 4014 septem
564 3945 639 3998 milia
671 3947 791 4015 equitum
809 3945 940 3999 ductaase.
977 3948 1018 4000 bis
1040 3949 1155 4002 conlisus

77 4017 121 4069 sub
137 4018 246 4086 primam
264 4017 351 4068 noctis
369 4017 486 4082 vigiliam
504 4015 614 4068 advenit
637 4025 665 4068 et
684 4019 713 4068 in
732 4019 803 4086 regia
820 4025 905 4070 castra
924 4020 1054 4088 impetum
1071 4020 1154 4072 dedit.

97 4089 155 4140 tirno
174 4097 258 4142 terror
278 4087 374 4156 ingens
394 4087 423 4138 in
451 4089 543 4139 custris
560 4087 671 4140 obortus
689 4095 738 4140 est.
783 4104 844 4138 nam
866 4089 931 4156 regii
951 4091 1052 4140 milites
1074 4097 1155 4158 puta-

76 4105 137 4214 bant
153 4160 298 4216 exercitum
316 4173 440 4230 inagnum
457 4167 485 4214 et
496 4159 675 4230 alienigenam
689 4159 913 4231 peregrinumque
923 4159 975 4214 sibi
990 4160 1154 4216 incumbere.
