2696 4626
174 839 639 967 ruMAuunnrs
687 837 1013 932 sarusar

215 1019 218 1024 ⁵
351 1034 380 1104 P
406 1033 435 1104 R
460 1031 487 1103 A
513 1031 540 1103 E
565 1034 588 1102 F
614 1031 643 1102 Α
667 1032 732 1103 ΤΙ
758 1032 802 1106 0.

486 1209 672 1222 m

76 1373 555 1486 Laonicustalcocondylas
574 1402 614 1462 ut
636 1390 836 1488 argumenti
860 1391 1038 1486 peregrini
1065 1417 1130 1462 co-

75 1523 120 1618 pia
139 1535 170 1593 et
190 1521 361 1594 varietate
386 1519 434 1592 ad
459 1519 653 1619 legendum
675 1522 796 1614 allicit,
817 1521 868 1592 ita
891 1524 985 1594 lectu
1010 1523 1129 1622 ingra-

74 1657 117 1716 tus
135 1659 195 1736 est,
226 1643 427 1718 emendatu
458 1642 624 1717 difficilis.
683 1646 740 1717 cui
766 1669 849 1716 cum
874 1646 997 1718 liceret
1021 1647 1129 1743 plane

75 1781 100 1840 ct
115 1767 259 1842 dilucide
283 1770 408 1868 loqui,
433 1751 553 1866 coque
579 1769 631 1842 uti
656 1793 826 1842 sermone
851 1795 925 1868 quo
954 1771 1068 1842 Ducas
1093 1784 1130 1842 et

74 1892 236 1966 Phrantzes
258 1895 316 1966 usi
343 1893 483 1966 etiamsi
509 1919 585 1966 non
610 1891 792 1966 delectant
812 1906 848 1964 at
872 1895 1130 1990 intelliguntur,

77 2018 174 2092 naluit
194 2017 422 2092 Herodotum
448 2018 632 2094 aemulari·
690 2018 815 2114 itaque
839 2015 926 2090 dum
952 2018 1129 2090 lunonem

76 2155 218 2240 captata
241 2143 342 2218 nube
369 2141 473 2248 adeo¹
488 2140 667 2238 decipitur
680 2153 721 2214 ut
736 2163 848 2237 saepe
874 2165 920 2214 ne
945 2142 1021 2238 ipse
1047 2142 1133 2239 qui-

75 2264 139 2338 dem
159 2265 248 2364 quid
280 2267 404 2340 dicere
428 2267 514 2340 velit
550 2291 655 2338 nosse
685 2264 860 2338 rideatur.
913 2265 1133 2364 quidquod

74 2391 169 2462 multis
191 2393 229 2464 in
254 2392 365 2486 locis,
389 2390 622 2464 eluctantium
654 2391 848 2464 verborum
875 2415 1003 2488 parum
1029 2414 1133 2463 com-

74 2536 125 2607 pos
144 2527 247 2614 atque
272 2513 412 2588 iudicio
445 2539 511 2588 suo
543 2511 730 2608 diffidens,
755 2539 867 2586 unam
902 2512 1132 2611 eandemque

74 2659 133 2708 rcm
150 2639 241 2714 binis
264 2639 424 2712 ternisve
454 2637 577 2710 modis
605 2663 682 2712 non
706 2650 780 2710 tam
807 2637 909 2710 effert
934 2663 1044 2735 quam
1067 2661 1133 2710 cc·

75 2773 158 2836 natur
183 2777 219 2838 et
244 2763 429 2860 experitur
457 2762 610 2835 efferrci’
668 2761 800 2834 talibus
834 2763 924 2834 locis
957 2761 1048 2859 quid
1080 2763 1135 2836 ris

74 2881 167 2958 lacere
187 2889 384 2962 criticumi
434 2911 593 2984 quemne
625 2887 779 2984 scriptor
804 2885 982 2984 deiiigerit
1001 2908 1134 2960 vocum

76 3020 102 3076 ct
124 3009 343 3088 locutionum
375 3011 577 3105 delectum,
614 3035 697 3084 eum
729 3009 776 3083 ad
803 3033 907 3084 suum
943 3011 1131 3084 arbitrium

76 3129 315 3236 libidinemque
335 3135 522 3210 instituati
572 3134 689 3208 audax
710 3135 847 3208 lacinus
869 3160 937 3208 uec
961 3135 1133 3233 cuiquam

76 3251 153 3328 facile
181 3261 408 3357 placiurrum.
433 3260 616 3356 relinquat
636 3259 761 3357 igitur,
787 3260 907 3356 qualia
935 3260 1134 3356 acceperit,

77 3395 217 3478 congesta
237 3383 371 3458 eodem
406 3410 482 3460 non
506 3383 602 3456 bene
636 3383 839 3456 iunctarum
870 3382 1052 3457 discordia
1075 3407 1133 3456 se-

77 3502 153 3579 nina
174 3509 321 3582 remini>
369 3509 552 3606 relinquet
575 3534 663 3580 sane
684 3507 922 3606 taediumque
947 3509 1047 3580 seret.

155 3627 264 3722 Quod
296 3657 373 3706 non
393 3633 476 3706 tulit
508 3634 546 3706 b.
580 3633 808 3705 Hamalrerus
870 3633 1023 3704 isenim
1049 3656 1134 3707 eum

80 3765 201 3850 propter
223 3757 417 3856 insignem,
450 3783 523 3854 qua
545 3757 751 3850 excellebat,
776 3756 975 3830 litterarum
1002 3755 1136 3828 Orien-

80 3875 388 3956 cumscientiam
413 3884 568 3956 maxime
604 3883 769 3954 omnium
800 3881 989 3954 annalibus
1010 3880 1136 3953 Turci-

83 3995 121 4068 eis
146 4001 288 4078 edendis
322 4021 358 4078 et
393 4005 611 4079 illustrandis
645 4005 800 4078 idoneus
834 4031 908 4078 esse
941 4003 1135 4099 rideretur,

84 4129 286 4204 sumnum
307 4132 376 4206 sibi
401 4157 423 4205 a
454 4133 652 4208 Niebubrio
679 4131 875 4206 Laonicum
901 4156 977 4202 non
1003 4131 1135 4202 invitus
