2704 4624
208 293 278 366 152
445 299 611 366 ttotttCt
647 297 1035 364 cnttcocottntttttt

204 446 244 515 όν
260 452 291 516 τί
314 451 533 532 μαχεούμενοι
567 453 824 534 περιγενοίμεθα,
845 447 895 533 εἴη
918 441 957 514 άν
977 445 1053 532 ἡμῖν
1073 440 1188 533 όφελος
1212 443 1299 532 ὄτρι-

204 551 273 614 ούν.
315 551 346 614 εί
363 551 423 629 μὲν
442 546 502 632 peip
526 550 560 623 ἐς
579 547 637 632 τη“ν
668 549 793 614 ἐκείνων
812 543 1013 630 ἐσβάλλοντες
1032 545 1235 628 ἐμαχόμεθα,
1258 537 1300 626 ἢν

204 640 245 714 όν
266 645 349 729 όμού
368 648 534 730 ξύμπαντα
556 647 674 732 α’γαθά,
695 648 773 732 περί
786 669 821 712 τε
840 649 896 731 τῆς
915 647 1018 730 ἀρχῆς
1035 648 1156 712 ἐκείνου
1177 645 1298 726 dransd-

205 751 319 827 ζεσθαι
338 751 394 813 καί
413 749 488 832 περί
505 750 559 832 τῆς
579 745 752 830 δυνάμεως.
794 749 851 810 νόν
866 748 970 812 δύναι’
983 741 1023 830 ἢν
1042 747 1088 816 είς
1109 744 1217 829 μάχην
1237 767 1296 807 να.

176 845 392 929 ῦθιστάμενοι
424 846 659 931 μαχεσόμεθα,
688 847 782 912 addis
817 844 871 910 διό
904 848 996 912 τούτο
1016 845 1092 930 ἡμῖν
1113 842 1210 909 ἔσται.
1255 836 1345 925 3115<

204 949 249 1032 δέ,
271 941 347 1031 ὅπερ
370 945 572 1032 ἀπεύχομαι,
591 949 625 1022 ἐς
645 945 830 1010 ταύταντίον
850 941 926 1027 ἡμίν
948 943 988 1008 τό
1013 948 1183 1029 πράγματα
1203 964 1297 1022 περι.

202 1049 279 1134 στῇ,
308 1043 416 1112 σκόπει
441 1043 479 1130 δὴ
500 1038 527 1110 ά
545 1047 677 1128 βασιλεύ
698 1043 804 1110 ὁποῖον
826 1039 1029 1126 α’ποβήσεταί
1048 1065 1097 1107 σοι
1130 1037 1193 1104 α’πό
1215 1040 1297 1104 τού.

201 1171 278 1229 τον,
310 1143 365 1229 τήν
395 1167 428 1208 τε
454 1143 591 1226 δύναμιν
619 1139 688 1226 όμα
708 1142 763 1208 καί
790 1146 956 1226 βασιλείαν
970 1139 1170 1224 δποβάλοντι.
1215 1143 1298 1221 ξομ.

201 1247 306 1328 βαίνει
326 1244 364 1327 δή
390 1239 448 1310 οὖν
459 1267 512 1310 σοι
530 1242 576 1328 μὴ
599 1242 661 1308 α’πό
681 1247 741 1308 τού
759 1240 831 1308 ἴσον
847 1235 1059 1324 άχοονιζεσθαι
1079 1243 1130 1306 σοί
1151 1241 1295 1328 νύνείνιρ,

201 1345 355 1425 πείθομαι
377 1345 413 1406 δὲ
440 1344 521 1426 μηδὲ
542 1343 703 1422 σύμπαντι
723 1345 766 1429 τῷ
797 1337 1015 1425 στρατεύματι
1051 1339 1178 1424 Τεμήρη
1198 1333 1345 1422 βασι-ιθ

201 1445 269 1525 λόει,
286 1445 317 1508 εί
335 1450 502 1528 σωφρονεῖ,
526 1439 583 1525 τήν
600 1439 708 1524 μάχην
718 1441 924 1524 ποιήσασθαι,
947 1435 1017 1504 ἀλλ’
1038 1442 1071 1515 ἐς
1089 1441 1205 1523 μοίρας
1224 1436 1296 1504 ixa.

115 1538 121 1544 ’
203 1538 260 1617 νάς
294 1539 475 1624 διελόμενος
505 1541 606 1608 αύτοό
639 1540 679 1604 τό
700 1541 924 1624 στρατεύματα
946 1541 1174 1622 διαπειρᾶσθαι
1193 1538 1296 1622 ἡμῶν,

203 1643 259 1706 κατ’
283 1644 395 1720 εἰμὲν
424 1643 463 1728 τῇ
489 1643 551 1728 μιιξιι
573 1641 670 1728 μοίρᾳ
696 1643 822 1706 ἐναντία
846 1638 943 1714 ἰόντες
969 1643 1231 1724 περιγενοίμεθα,
1255 1639 1296 1724 τῇ

201 1738 293 1829 ἑτέρᾳ
313 1734 412 1814 αύθις
432 1742 498 1821 μετ’
522 1739 564 1803 ού
583 1738 663 1805 πολύ
685 1737 907 1824 χρησόμενος,
929 1741 962 1814 ἐς
982 1735 1058 1821 όδη
1081 1732 1296 1820 ἀπαγορεύειν

167 1835 287 1926 Dipaia
308 1843 489 1920 καμούνιας
507 1841 702 1922 μαχομένοις
723 1836 871 1915 ἐκείνοις·
913 1834 1024 1922 ούγόρ
1046 1835 1188 1902 τοιοῦτόν
1207 1839 1345 1910 ίστινίόι

201 1938 239 2004 τό
264 1937 384 2005 ἐκείνου
404 1937 600 2023 στράτευμα,
621 1933 688 2006 οἷον
709 1935 839 2003 ἐπειδάν
861 1939 896 2014 ἐς
916 1945 1029 2021 χεῖρας
1047 1938 1209 2024 α’φίιιηται,
1230 1938 1294 2000 αύ-

201 2045 274 2104 τίνα
297 2043 330 2116 ἐς
351 2036 455 2124 φυγὴν
475 2038 672 2123 τραπόμενον
689 2037 856 2122 οἴχεσθαι·
898 2035 981 2102 α’λλό
1001 2033 1057 2101 καί
1074 2037 1169 2124 dasii
1191 2040 1296 2124 τροπῄΙ

200 2143 326 2224 βέλτιον
345 2139 450 2224 ἡμῶν,
474 2136 710 2221 άναλαμβάνειν
726 2161 760 2202 τε
789 2141 874 2223 σφᾶς
894 2135 1060 2213 συνιόντας
1078 2135 1295 2220 πυνθάνομαι,

83 2244 89 2257 ’
201 2239 258 2304 καί
275 2239 539 2322 άναμαχομόνοος
566 2234 690 2320 μεγάλα
720 2237 968 2302 ἀποδείκνυσθαι
986 2233 1073 2321 ἔργα.
1129 2237 1219 2301 δοκεῖ
1235 2229 1294 2300 ούν

200 2361 259 2420 μοι
282 2335 380 2420 όμόσε
399 2341 506 2420 μέντοι
525 2333 570 2420 μὴ
593 2335 702 2402 ἵεσθαι
722 2336 777 2400 ἐπί
795 2334 829 2402 τό
855 2333 1007 2422 Τεμήρεον
1026 2335 1218 2421 πρόστιμα,
1234 2334 1345 2416 tadeo}

203 2441 239 2504 δὲ
261 2437 325 2504 τόν
347 2439 448 2528 δρίαν
461 2438 693 2521 νιοριοομύνονς
711 2431 899 2521 ἐφέπεσθαι,
917 2431 969 2502 ότι
987 2434 1145 2520 ἐγγύτατα
1164 2438 1292 2519 γενομέ-

202 2559 286 2620 νοος,
308 2535 362 2603 ναί
383 2531 444 2625 inp
474 2559 512 2601 τε
533 2533 735 2623 προχωροίη,
757 2539 930 2613 κακούντας
950 2538 985 2602 ἐν
1005 2538 1098 2622 μόρα
1113 2535 1147 2602 τό
1170 2537 1292 2602 ἐκείνου

151 2843 154 2849 ·
202 2831 266 2870 rnen
286 2821 315 2868 et
332 2815 353 2866 si
374 2813 469 2885 praelii
489 2815 576 2868 aleam
594 2815 735 2868 iecerimas
754 2816 941 2886 praetiumque
962 2829 1012 2868 αοι
1031 2814 1145 2880 victores
1166 2811 1290 2866 deelara-

203 2887 288 2949 eerit‚
305 2888 398 2938 neseio
415 2901 486 2957 quae
503 2884 568 2938 inde
586 2885 666 2939 nobis
683 2887 720 2940 sit
744 2887 835 2939 future
854 2887 966 2938 utilitas.
1002 2885 1049 2937 sed
1068 2886 1091 2937 si
1109 2884 1227 2938 boetium
1246 2901 1290 2936 τε-

204 2957 475 3096 ἓίῗλῗάῗιῗζῖῗλέ
494 2957 624 3080 iiiiii
643 2957 1290 3098 iiiiiidi'v‘iiiiii‘tssss?‚iiiimi'{iiiii

617 3063 625 3091 θ

204 3098 318 3150 Τεαιὶιίι
336 3097 516 3168 acquirendis.
552 3115 624 3152 nunc
642 3107 731 3150 autem
752 3099 775 3151 si
793 3115 920 3150 summam
940 3099 979 3150 rei
997 3098 1134 3150 certamini
1148 3097 1289 3150 commise-

203 3170 297 3228 rimus,
318 3183 350 3217 ea
366 3184 536 3239 nequaquam
555 3169 691 3223 evenient.
709 3170 752 3222 ein
771 3178 871 3234 autem,
891 3169 962 3221 absit
974 3187 1060 3232 omen,
1080 3169 1108 3220 in
1128 3169 1289 3221 contrarium

204 3255 247 3291 res
265 3237 401 3302 ceciderit,
419 3239 481 3291 vide
501 3257 570 3311 quae
591 3240 687 3292 damna
705 3257 829 3309 passurus
848 3241 893 3303 sis,
914 3241 1038 3292 amittens
1058 3241 1210 3310 petentiam
1229 3247 1290 3291 tan-

203 3317 258 3362 tam
279 3323 446 3378 regnumque
465 3309 591 3362 tantum?
610 3319 722 3381 apparet
735 3312 815 3378 igitur
834 3311 908 3382 quod
925 3320 956 3363 tu
975 3320 1003 3364 et
1015 3311 1063 3362 iiie
1080 3327 1181 3363 noaex
1201 3325 1288 3380 aequo

203 3381 339 3450 pugnetis.
374 3379 490 3432 arbitror
511 3389 601 3434 autern
622 3398 673 3434 nea
685 3381 708 3432 T
711 3383 828 3442 amiram,
847 3383 870 3433 ei
890 3381 969 3434 modo
988 3383 1068 3450 sapit,
1087 3397 1145 3432 aum
1166 3384 1288 3433 universo

205 3453 325 3504 exercitu
351 3453 483 3523 praelium
511 3451 656 3504 initurum:
685 3469 775 3504 verum
793 3453 884 3522 capias
902 3469 962 3504 suas
983 3452 1126 3505 distribuet
1142 3454 1171 3503 in
1189 3461 1289 3503 turmas

204 3537 311 3591 magnas
330 3533 359 3576 et
377 3524 482 3584 multas,
499 3531 528 3575 et
545 3523 574 3574 ia
595 3523 667 3574 hunc
684 3523 794 3575 modum
812 3541 863 3575 nos
881 3523 1007 3576 tentabit.
1044 3531 1073 3575 et
1090 3524 1112 3575 ei
1134 3522 1289 3575 resistentes

169 3638 171 3646 ,
204 3595 312 3647 sortiter
327 3603 441 3647 turmam
460 3609 540 3644 unam
556 3594 709 3658 vicerimus,
735 3595 846 3648 aiteram
867 3604 896 3646 et
916 3603 1051 3648 recentem
1068 3593 1149 3645 nobis
1169 3601 1290 3665 opponet

204 3665 317 3726 tamdiu,
335 3665 422 3718 donec
439 3665 593 3717 laborantes
611 3663 775 3725 deficiamus.
795 3666 851 3717 ittts
869 3674 977 3718 strenue
996 3663 1188 3735 pugnantibus.
1217 3662 1289 3716 baud

206 3735 279 3786 enim
297 3737 335 3788 sie
355 3737 470 3789 'semiris
499 3735 595 3806 copiae
614 3743 679 3787 sunt
695 3745 861 3806 comparatae
881 3745 927 3799 ut,
952 3736 999 3788 ubi
1017 3737 1052 3788 ad
1072 3735 1205 3805 praelium
1222 3753 1290 3788 ren·

206 3815 263 3858 tam
283 3805 373 3871 tuerit,
391 3809 482 3860 statim
496 3805 528 3859 in
548 3805 636 3876 fugam
655 3806 767 3859 abeant:
798 3809 986 3859 verumetiam
1006 3807 1033 3858 in
1053 3806 1116 3875 fuga
1134 3806 1215 3858 nobis
1234 3823 1289 3858 me-

206 3877 289 3928 liores
306 3887 382 3938 sunt.
414 3889 442 3932 et
460 3877 565 3930 facilius
587 3879 616 3929 in
635 3893 718 3930 unum
738 3879 906 3946 colliguntur
923 3878 1052 3948 dispersi,
1070 3893 1166 3944 magna
1183 3878 1289 3930 virtutis

178 3997 182 4010 ,
206 3947 316 3998 edentes
337 3965 427 4018 opera.
464 3965 562 4000 aenaea
579 3949 672 4020 itaque
692 3966 747 4001 αοα
767 3950 874 4001 obviam
893 3948 1013 4001 eandum·
1029 3965 1087 4000 esse
1106 3948 1225 4000 Tamiris
1244 3963 1290 4000 es·

207 4019 320 4068 ercitui:
353 4037 442 4070 seeum
463 4021 558 4072 arelius
588 4029 615 4072 et
637 4021 729 4074 atilius
750 4020 814 4073 mihi
841 4021 947 4072 ridetur
965 4029 996 4072 ut
1013 4037 1074 4072 eum
1096 4018 1291 4089 subsequamur

207 4097 386 4158 pertusatas,
404 4108 483 4160 quam
505 4091 625 4160 proxime
644 4107 750 4161 semper
767 4093 913 4152 instantes,
932 4091 1044 4161 eiusque
1064 4090 1214 4142 exereitum
1233 4092 1290 4143 iae-

208 4161 310 4224 deates,
332 4161 486 4234 ubicunque
507 4165 611 4214 occasio
630 4180 659 4216 ει
678 4163 793 4216 dederit.
829 4163 892 4214 biae
911 4161 1052 4233 apparebit
1070 4179 1084 4213 a
1105 4162 1292 4232 populationi-
