2696 4616
162 213 235 287 508
409 220 575 288 Ltoltlct
607 213 997 286 cuttcocortnme

160 387 222 444 νες,
243 359 335 448 όμεϊς
357 360 423 430 ἴστε
435 385 496 428 που
519 361 562 437 σός
583 361 603 446 ἦ
614 356 706 444 χοόρα
724 357 813 442 ἧμιόν
835 349 948 438 ὅμορός
967 357 1004 418 τέ
1023 353 1094 416 έστι
1106 351 1161 444 ’τῇ
1184 347 1281 432 ripae·

161 465 257 551 τέρᾳ,
285 461 340 527 κατ’
361 462 447 542 παρὰ
477 463 534 526 rori
556 454 688 542 Ἴστρου
723 457 869 536 οἰκοῦμεν
896 450 1079 538 ἀμφότεροι.
1124 453 1186 512 νῦν
1209 439 1280 510 σόν

161 561 372 648 πυνθάνεσθε,
392 559 510 642 οἴομαι,
531 557 587 624 καί
605 559 695 639 ὑμεῖς
716 555 928 637 τὸνβασιλέα
954 549 1104 634 Τοόρκαν
1136 547 1275 635 μεγάλῃ

161 663 249 742 χειρί
266 661 392 726 ἐπιόντα
422 655 658 742 στρατεύεσθαι
687 653 738 741 ἐφ’
769 651 864 738 ἡμᾶς.
904 650 969 752 ,κατ’
1000 646 1039 735 ἢν
1060 648 1141 714 τόόε
1164 670 1291 714 zora-¹
1334 683 1335 700 ι

132 760 377 844 Βστρεψόμενος
413 759 572 844 όπόγρται
599 757 643 832 οἷς
665 753 722 840 τὴν
742 753 881 835 Δανίαν,
903 750 976 818 τόδε
998 749 1178 816 suessano&
1197 766 1302 818 ποα5

160 862 215 924 καί
236 859 337 940 ὑμεῖς,
359 859 402 936 οἷς
428 851 500 922 οὔτε
527 857 665 943 ἡσυχίαν
698 847 827 938 ἄγοντες
856 853 1086 928 καθεδοῦνται,
1112 848 1186 911 ἀλλ’
1208 851 1276 932 ἐφ’

160 957 245 1042 όμός
261 955 530 1032 astrictissime
547 955 803 1039 στρατεύσονται,
825 951 879 1016 καί
902 951 1072 1032 πράγματα
1092 945 1190 1012 ἔσται
1211 943 1275 1008 ὕπ’

160 1058 264 1120 αόταῖν
285 1054 438 1140 όνήκεστα
459 1053 491 1129 ές
505 1057 562 1138 τὴν
580 1055 736 1136 όμετέραν
756 1047 867 1135 χαόρσν
886 1047 1075 1131 ἱδρυμένοις.
1121 1049 1184 1112 νῦν
1206 1036 1274 1108 οὖν
1334 1089 1335 1104 r

158 1151 229 1236 nipe
249 1147 316 1219 έστί
341 1155 397 1218 κατ’
422 1153 505 1234 όμός
524 1155 722 1237 βοηθοῦντας
752 1152 829 1236 ἡμῖν
856 1147 1048 1230 ἀπαμύνειν,
1068 1146 1115 1224 οἷς
1137 1137 1211 1210 οἷόν
1231 1167 1273 1208 τε
1334 1177 1335 1250 γ

157 1253 304 1340 μάλιστα,
327 1253 382 1318 τόν
405 1252 536 1335 στρατόν
552 1249 641 1318 τόνόε
663 1250 725 1316 α’πό
744 1255 801 1334 τῆς
820 1250 940 1332 χιόρας,
961 1249 1016 1312 uei
1032 1245 1078 1332 μέγ
1103 1247 1273 1328 περιορᾶν
1284 1264 1310 1314 ιν
1334 1303 1335 1312 ,

158 1354 334 1442 φθείροντό
352 1377 385 1420 τε
405 1350 463 1439 τόν
481 1353 592 1436 χώραν
613 1350 668 1416 καί
686 1352 897 1416 έπικακοόντα
920 1352 976 1412 καί
994 1343 1269 1432 καταστρεφόμε-

157 1479 211 1520 νον
232 1451 265 1520 τό
289 1457 375 1538 γένος
398 1455 497 1538 ἡμῶν.
539 1450 607 1536 ἔχει
628 1455 663 1516 δὲ
686 1452 819 1516 καὶτοῦ
846 1447 999 1532 ἡγεμόνος
1017 1451 1073 1513 τοῦ
1096 1445 1267 1532 ἡμετέρου

157 1553 297 1642 α’όελφόν
324 1553 465 1632 νεανίαν,
496 1575 575 1618 ιιστε
602 1551 800 1616 καθιστάντα
828 1542 927 1614 αότόν
958 1543 1094 1634 ἡγεμόνα
1129 1550 1164 1622 ές
1202 1547 1267 1630 τὴν

127 1659 316 1738 ΟΒλαχέαν,
333 1647 372 1738 ἢν
394 1679 426 1720 τι
444 1653 489 1738 μὴ
512 1655 694 1737 προχωροίη
717 1649 802 1737 αότῷ
822 1645 946 1736 ένόστρι
965 1647 1045 1712 κατὰ
1065 1651 1179 1716 νοόν.”
1203 1647 1263 1710 τόν

156 1752 214 1840 γόρ
237 1779 285 1820 τοι
314 1756 370 1820 τοῦ
398 1753 529 1819 Βλόδου
557 1749 699 1837 α’όελφόν
727 1747 871 1835 νεανίαν,
902 1746 946 1822 αἱς
972 1743 1183 1831 έστρατεόετσ
1207 1745 1265 1810 ε’πό
1275 1755 1304 1805 1⁵

156 1851 215 1936 τὴν
235 1855 369 1937 Δανιάν,
388 1850 533 1935 μεγάλως
553 1873 586 1916 τε
607 1845 920 1937 φιλοφρονησάμενος
941 1843 1076 1932 ἐτίμησε,
1097 1849 1155 1910 κατ’
1173 1845 1264 1930 χρὴ·

154 1976 237 2034 μασι
257 1953 312 2016 κατ’
333 1953 446 2034 ἐσθῆτι
478 1951 626 2034 έδιορεῖτο
656 1950 811 2035 πολλῇσι
841 1947 897 2012 καί
914 1941 1032 2035 όγαθγῖ,
1054 1947 1109 2012 καί
1129 1948 1264 2012 ἐκέλευε

156 2053 289 2132 πέμπειν
311 2053 365 2114 έπί
382 2046 440 2132 τὴν
459 2053 583 2114 Δανέαν
606 2045 739 2130 λόγους,
762 2045 817 2110 έπό
835 2045 908 2122 τούς
929 2043 1083 2122 όυνατοός
1102 2039 1200 2128 όγειν
1223 2043 1261 2110 τό

155 2149 338 2234 πράγματα.
381 2145 455 2216 ὅθεν
483 2147 536 2212 έπί
564 2148 769 2228 εόδαιμονόαν
795 2145 909 2210 asisino
928 2145 1094 2231 γενόμενος
1113 2143 1263 2229 ἔπρασσε

155 2253 287 2332 πέμπων
308 2248 352 2326 σός
373 2251 497 2314 ἐκέλευε
518 2243 681 2328 βασιλεύς.
725 2245 763 2312 osi
783 2249 892 2330 μέντοι
906 2269 941 2330 γε
966 2246 1142 2332 προεχώρεε
1165 2247 1300 2334 adrepti]

154 2346 223 2415 τότε
260 2353 487 2434 προπέμπουσι.
539 2347 638 2412 ταῦτα
667 2344 730 2412 όπό
760 2349 816 2414 soci
840 2341 974 2432 όγγέλου
1001 2342 1201 2422 όνοόσαντες
1229 2349 1261 2410 oi

224 2514 251 2570 3.
272 2515 474 2574 πυνθάνεσθαι
494 2517 513 2570 Ρ

155 2659 203 2712 ubi
221 2661 326 2730 accepit
343 2675 376 2713 ex
394 2660 496 2714 nuntiis
515 2659 607 2713 hostes
626 2658 756 2713 accedere
774 2659 875 2714 infesto
894 2662 1011 2730 agmine,
1030 2659 1159 2713 nuntium
1180 2660 1259 2712 misit

155 2731 190 2784 sd
207 2732 357 2794 Pannooes,
376 2732 442 2784 talia
459 2731 594 2784 dicentem
613 2739 649 2785 “o
667 2732 716 2782 viri
736 2731 886 2798 Pannona,
904 2751 973 2796 τοι,
991 2747 1048 2784 non
1067 2731 1177 2792 dubito,
1201 2733 1257 2782 sei-

156 2803 190 2854 tis
210 2803 345 2870 regionem
364 2811 489 2856 nostram«
507 2811 613 2856 vestrae
641 2819 700 2856 cess
723 2803 878 2868 finitimam,
904 2811 932 2855 et
961 2805 1071 2874 utrique
1097 2801 1257 2854 habitamus

156 2873 232 2924 effusi
252 2875 329 2924 istro.
367 2891 439 2926 nunc
456 2883 566 2940 autern,
585 2874 615 2927 ni
635 2873 738 2939 failor,
759 2875 898 2944 accepistis
915 2875 1065 2928 'i'nrcorum
1086 2889 1179 2941 regem
1198 2889 1258 2924 na-

156 2961 208 3012 gna
225 2959 305 2994 manu
324 2943 466 3010 accedere,
486 2954 516 2998 ut
537 2962 610 2997 arma
627 2944 707 2998 nobis
733 2945 847 3016 inierat,
878 2947 900 2998 si
918 2963 990 2996 αιιαο
1010 2945 1120 2996 Daciam
1141 2946 1258 2996 vastarit

157 3015 263 3084 sibique
281 3014 426 3082 subegerit,
452 3017 568 3077 scitote,
585 3015 660 3068 lmml
679 3015 797 3068 cessabit
816 3025 893 3070 tanto
913 3017 1024 3068 cardine
1042 3033 1141 3077 rerum,
1159 3033 1257 3066 verum

157 3088 287 3138 continuo
309 3103 382 3138 arma
402 3087 513 3139 hostilia
531 3087 565 3139 ad
583 3105 630 3140 vos
650 3087 828 3140 circumferet.
865 3105 915 3140 nec
934 3087 1031 3140 dubito
1051 3085 1118 3158 quin
1136 3087 1257 3138 maxima

116 3197 120 3207 .
157 3153 222 3208 binc
239 3157 360 3226 pericula
380 3167 495 3210 vestram
516 3160 652 3226 regionem
667 3159 850 3212 incolentibus
870 3159 1036 3210 immineant
1072 3166 1180 3226 tempus
1200 3157 1257 3224 igi-

157 3236 201 3278 tur
218 3245 292 3280 nunc
310 3229 431 3299 postulat
450 3229 568 3281 utnobis
581 3229 685 3280 auxilio
704 3229 773 3294 sitis,
792 3237 822 3282 ut
842 3232 988 3282 exercitum
1006 3229 1136 3282 hostilem
1156 3245 1256 3297 quam-

156 3298 272 3368 primum
290 3315 305 3350 e
325 3301 434 3368 regione
452 3301 648 3370 propulsemus.
684 3317 735 3351 nec
753 3299 947 3371 expectandum
967 3318 1083 3364 censeo,
1103 3297 1193 3352 donec
1211 3315 1256 3350 re·

158 3369 265 3436 gionem
289 3379 409 3423 nostram
434 3371 588 3422 contuderit
618 3379 646 3422 et
671 3373 781 3440 penitus
812 3374 938 3425 evastarit
956 3381 985 3424 et
1003 3379 1112 3439 gentem
1131 3379 1255 3422 nostram

157 3439 209 3490 sibi
227 3440 387 3512 subingerit.
425 3443 503 3494 etiam
517 3441 592 3494 ducis
612 3443 696 3494 nostri
714 3444 823 3494 fratrem
843 3443 970 3496 maiorem
992 3461 1038 3494 rex
1056 3441 1158 3494 habet:
1180 3441 1254 3494 bunc

156 3511 307 3582 principem
328 3511 475 3566 valachias
493 3514 642 3565 constituit.
679 3521 708 3565 at
727 3527 809 3584 opera
828 3515 916 3566 denda
937 3523 978 3567 est
996 3530 1031 3565 ns
1050 3515 1075 3566 ei
1092 3514 1202 3582 singule
1219 3530 1253 3564 ex

157 3583 293 3634 sententia
310 3583 464 3636 succedant.
501 3601 562 3635 nam
583 3583 658 3636 Blasii
679 3583 788 3636 fratrem
807 3585 956 3650 iuniorem,
986 3601 1045 3636 cum
1064 3601 1137 3636 arms
1156 3591 1251 3636 contre

158 3652 269 3704 Daciam
287 3654 414 3718 vibraret,
434 3673 479 3706 rex
498 3655 621 3706 maximis
642 3654 738 3707 studiis
756 3655 842 3710 coluit
859 3657 1016 3726 magnisque
1033 3655 1187 3706 bonoribus
1208 3653 1250 3704 af-

158 3723 232 3775 fecit.
268 3727 368 3794 opibus
387 3727 530 3779 etvestitu
550 3725 636 3778 multo
661 3743 722 3778 eum
740 3727 826 3780 virum
846 3727 964 3781 donavit.
1002 3725 1076 3778 bunc
1091 3723 1172 3778 iussit
1193 3741 1249 3777 ser·
1334 3727 1335 3782 ζ

158 3810 251 3846 mones
272 3811 361 3848 serere
380 3815 440 3848 cum
459 3797 590 3848 Dacorum
609 3797 774 3866 proceribus,
794 3807 825 3850 ut
848 3801 907 3868 ipse
926 3797 1032 3848 tandem
1054 3798 1190 3865 potiretur
1208 3813 1250 3846 re·
1334 3799 1335 3820 ¹

159 3883 215 3915 rum
234 3881 345 3918 summa.
390 3877 557 3938 quapropter
582 3886 641 3920 cum
663 3869 735 3920 brevi
765 3871 792 3920 in
812 3885 933 3936 magnum
956 3867 1115 3920 felicitatem
1134 3872 1171 3919 sit
1187 3885 1251 3937 pro-
1334 3869 1335 3882 ¹

159 3943 257 3998 neotus,
275 3945 306 3988 ut
325 3947 432 4008 pareret
454 3941 527 4006 regi,
556 3941 686 4010 imperata
718 3940 783 3992 iecit
804 3949 832 3992 et
858 3941 955 3992 Daciae
981 3956 1108 4008 proceres
1127 3939 1250 3990 tentarit.
1334 3941 1335 4002 i

71 4045 77 4050 .
159 4023 210 4058 nec
230 4015 318 4058 tamen
338 4008 481 4078 quicquum
502 4009 590 4062 adhuc
610 4011 712 4062 siiiccre
731 4012 832 4082 potuit,
852 4029 942 4064 serum
961 4011 1085 4080 repulsus
1097 4011 1165 4062 est-¹¹
1185 4011 1251 4060 Pun-

158 4093 244 4129 nones
262 4093 322 4158 cum
340 4075 406 4130 haec
430 4079 556 4133 audirent
576 4099 608 4134 ea
628 4083 745 4146 nuntio,
767 4082 845 4135 dictis
863 4083 1093 4151 obtemperarunt,
1112 4089 1142 4133 et
1158 4097 1236 4150 prom
1334 4075 1335 4080 ’
