<?xml version="1.0" encoding="UTF-8"?>
<!DOCTYPE html PUBLIC "-//W3C//DTD XHTML 1.0 Transitional//EN"
    "http://www.w3.org/TR/xhtml1/DTD/xhtml1-transitional.dtd">
<html xmlns="http://www.w3.org/1999/xhtml" xml:lang="en" lang="en">
 <head>
  <title>
</title>
<meta http-equiv="Content-Type" content="text/html;charset=utf-8" />
  <meta name='ocr-system' content='tesseract 3.04.00' />
  <meta name='ocr-capabilities' content='ocr_page ocr_carea ocr_par ocr_line ocrx_word'/>
</head>
<body>
  <div class='ocr_page' id='page_1' title='image "./laonicichalcoco00chalgoog_0402.png"; bbox 0 0 2750 4628; ppageno 0'>
   <div class='ocr_carea' id='block_1_1' title="bbox 156 253 1169 326">
    <p class='ocr_par' dir='ltr' id='par_1_1' title="bbox 156 253 1169 326">
     <span class='ocr_line' id='line_1_1' title="bbox 156 253 1169 326; baseline 0.001 -4"><span class='ocrx_word' id='word_1_1' title='bbox 156 255 326 324; x_wconf 75' lang='lat' dir='ltr'><strong>nlonlcl</strong></span> <span class='ocrx_word' id='word_1_2' title='bbox 345 253 548 320; x_wconf 74' lang='lat' dir='ltr'>CHALCOC.</span> <span class='ocrx_word' id='word_1_3' title='bbox 567 257 622 318; x_wconf 78' lang='lat' dir='ltr'><strong>Dli</strong></span> <span class='ocrx_word' id='word_1_4' title='bbox 638 257 769 320; x_wconf 87' lang='lat' dir='ltr'><strong>llEBUS</strong></span> <span class='ocrx_word' id='word_1_5' title='bbox 787 258 908 324; x_wconf 76' lang='lat' dir='ltr'><strong>Tunc.</strong></span> <span class='ocrx_word' id='word_1_6' title='bbox 928 262 964 322; x_wconf 82' lang='lat' dir='ltr'><strong>L.</strong></span> <span class='ocrx_word' id='word_1_7' title='bbox 985 262 1069 324; x_wconf 86' lang='lat' dir='ltr'><strong>Vlll.</strong></span> <span class='ocrx_word' id='word_1_8' title='bbox 1101 255 1169 326; x_wconf 80' lang='lat'><strong>381</strong></span> 
     </span>
    </p>
   </div>
   <div class='ocr_carea' id='block_1_2' title="bbox 29 402 1272 2585">
    <p class='ocr_par' dir='ltr' id='par_1_2' title="bbox 29 402 1272 2585">
     <span class='ocr_line' id='line_1_2' title="bbox 77 402 1174 499; baseline 0 -27"><span class='ocrx_word' id='word_1_9' title='bbox 77 409 142 491; x_wconf 75' lang='grc' dir='ltr'><strong>τὴν</strong></span> <span class='ocrx_word' id='word_1_10' title='bbox 162 407 276 474; x_wconf 86' lang='grc' dir='ltr'><strong><em>Ἀσίαν</em></strong></span> <span class='ocrx_word' id='word_1_11' title='bbox 297 403 457 486; x_wconf 77' lang='grc' dir='ltr'><strong><em>διάβασιν,</em></strong></span> <span class='ocrx_word' id='word_1_12' title='bbox 482 410 537 468; x_wconf 85' lang='grc' dir='ltr'><strong>καί</strong></span> <span class='ocrx_word' id='word_1_13' title='bbox 548 405 592 486; x_wconf 79' lang='grc' dir='ltr'><em>μή</em></span> <span class='ocrx_word' id='word_1_14' title='bbox 616 405 690 482; x_wconf 81' lang='grc' dir='ltr'><strong><em>τούς</em></strong></span> <span class='ocrx_word' id='word_1_15' title='bbox 712 402 876 488; x_wconf 76' lang='grc' dir='ltr'><em>ἑσπερίους</em></span> <span class='ocrx_word' id='word_1_16' title='bbox 897 409 1057 499; x_wconf 78' lang='grc' dir='ltr'><strong><em>δόνασθαι</em></strong></span> <span class='ocrx_word' id='word_1_17' title='bbox 1072 407 1174 474; x_wconf 79' lang='grc' dir='ltr'><strong><em>ἐπιόν.</em></strong></span> 
     </span>
     <span class='ocr_line' id='line_1_3' title="bbox 77 501 1174 594; baseline 0.001 -20"><span class='ocrx_word' id='word_1_18' title='bbox 77 533 140 584; x_wconf 88' lang='grc' dir='ltr'><strong>τας</strong></span> <span class='ocrx_word' id='word_1_19' title='bbox 158 506 304 594; x_wconf 76' lang='grc' dir='ltr'><strong>τριήρεσι</strong></span> <span class='ocrx_word' id='word_1_20' title='bbox 332 501 518 570; x_wconf 75' lang='grc' dir='ltr'><strong><em>διακωλύειν</em></strong></span> <span class='ocrx_word' id='word_1_21' title='bbox 540 503 629 592; x_wconf 69' lang='grc' dir='ltr'><strong><em>αὐτῷ</em></strong></span> <span class='ocrx_word' id='word_1_22' title='bbox 653 506 710 590; x_wconf 79' lang='grc' dir='ltr'><strong>την</strong></span> <span class='ocrx_word' id='word_1_23' title='bbox 741 506 891 590; x_wconf 77' lang='grc' dir='ltr'><strong><em>διάβασιν</em></strong></span> <span class='ocrx_word' id='word_1_24' title='bbox 911 507 966 574; x_wconf 86' lang='grc' dir='ltr'><strong>καί</strong></span> <span class='ocrx_word' id='word_1_25' title='bbox 983 518 1174 589; x_wconf 82' lang='grc' dir='ltr'><strong><em>καινοτομεῑ·</em></strong></span> 
     </span>
     <span class='ocr_line' id='line_1_4' title="bbox 78 604 1272 698; baseline -0.002 -24"><span class='ocrx_word' id='word_1_26' title='bbox 78 615 164 674; x_wconf 93' lang='grc' dir='ltr'><strong><em>σθαι</em></strong></span> <span class='ocrx_word' id='word_1_27' title='bbox 185 609 228 672; x_wconf 79' lang='grc' dir='ltr'><strong>τό</strong></span> <span class='ocrx_word' id='word_1_28' title='bbox 250 610 284 674; x_wconf 84' lang='grc' dir='ltr'><strong>έν</strong></span> <span class='ocrx_word' id='word_1_29' title='bbox 306 611 346 693; x_wconf 83' lang='grc' dir='ltr'><strong>τῇ</strong></span> <span class='ocrx_word' id='word_1_30' title='bbox 372 606 464 692; x_wconf 81' lang='grc' dir='ltr'><strong><em>Ἀοίρ</em></strong></span> <span class='ocrx_word' id='word_1_31' title='bbox 493 607 577 698; x_wconf 71' lang='lat' dir='ltr'><strong>crispi</strong></span> <span class='ocrx_word' id='word_1_32' title='bbox 610 604 790 688; x_wconf 80' lang='grc' dir='ltr'><strong><em>πράγματα.</em></strong></span> <span class='ocrx_word' id='word_1_33' title='bbox 840 612 923 690; x_wconf 85' lang='grc' dir='ltr'><strong><em>μέγα</em></strong></span> <span class='ocrx_word' id='word_1_34' title='bbox 950 611 986 672; x_wconf 82' lang='grc' dir='ltr'><strong>δέ</strong></span> <span class='ocrx_word' id='word_1_35' title='bbox 1005 613 1272 694; x_wconf 74' lang='grc' dir='ltr'><strong><em>προφέρεινΡ.202</em></strong></span> 
     </span>
     <span class='ocr_line' id='line_1_5' title="bbox 81 705 1173 797; baseline 0.002 -25"><span class='ocrx_word' id='word_1_36' title='bbox 81 711 174 797; x_wconf 69' lang='grc' dir='ltr'><strong><em>αὐτῷ</em></strong></span> <span class='ocrx_word' id='word_1_37' title='bbox 193 705 305 787; x_wconf 69' lang='grc' dir='ltr'><strong><em>ἔμελλε</em></strong></span> <span class='ocrx_word' id='word_1_38' title='bbox 326 706 382 770; x_wconf 87' lang='grc' dir='ltr'><strong>καί</strong></span> <span class='ocrx_word' id='word_1_39' title='bbox 399 708 431 782; x_wconf 81' lang='grc' dir='ltr'><strong><em>ἐς</em></strong></span> <span class='ocrx_word' id='word_1_40' title='bbox 454 706 511 786; x_wconf 72' lang='grc' dir='ltr'><strong>τόν</strong></span> <span class='ocrx_word' id='word_1_41' title='bbox 533 708 712 783; x_wconf 72' lang='grc' dir='ltr'>Βυζαντίου</span> <span class='ocrx_word' id='word_1_42' title='bbox 734 711 926 789; x_wconf 85' lang='grc' dir='ltr'><strong><em>πολιορκίαν.</em></strong></span> <span class='ocrx_word' id='word_1_43' title='bbox 968 709 1119 797; x_wconf 74' lang='grc' dir='ltr'><strong><em>ᾠκοδόμει</em></strong></span> <span class='ocrx_word' id='word_1_44' title='bbox 1139 710 1173 774; x_wconf 78' lang='grc' dir='ltr'><strong>δὲ</strong></span> 
     </span>
     <span class='ocr_line' id='line_1_6' title="bbox 51 797 1173 890; baseline -0.002 -18"><span class='ocrx_word' id='word_1_45' title='bbox 51 804 225 890; x_wconf 83' lang='grc' dir='ltr'><strong><em>5πόργους</em></strong></span> <span class='ocrx_word' id='word_1_46' title='bbox 259 813 344 888; x_wconf 81' lang='grc' dir='ltr'><strong><em>τρεῖς</em></strong></span> <span class='ocrx_word' id='word_1_47' title='bbox 371 807 536 885; x_wconf 71' lang='grc' dir='ltr'><strong><em>μεγίστους</em></strong></span> <span class='ocrx_word' id='word_1_48' title='bbox 566 803 691 869; x_wconf 79' lang='grc' dir='ltr'><strong><em>πόντιον</em></strong></span> <span class='ocrx_word' id='word_1_49' title='bbox 721 797 765 870; x_wconf 77' lang='grc' dir='ltr'><strong>ὧν</strong></span> <span class='ocrx_word' id='word_1_50' title='bbox 794 803 907 887; x_wconf 82' lang='grc' dir='ltr'><strong><em>ἴσμεν,</em></strong></span> <span class='ocrx_word' id='word_1_51' title='bbox 938 808 996 871; x_wconf 91' lang='grc' dir='ltr'><strong>δόο</strong></span> <span class='ocrx_word' id='word_1_52' title='bbox 1016 809 1075 886; x_wconf 77' lang='grc' dir='ltr'><strong>μέν</strong></span> <span class='ocrx_word' id='word_1_53' title='bbox 1095 807 1173 874; x_wconf 74' lang='lat' dir='ltr'><strong>sard</strong></span> 
     </span>
     <span class='ocr_line' id='line_1_7' title="bbox 80 898 1175 992; baseline 0.001 -24"><span class='ocrx_word' id='word_1_54' title='bbox 80 905 143 988; x_wconf 78' lang='grc' dir='ltr'><strong>την</strong></span> <span class='ocrx_word' id='word_1_55' title='bbox 165 899 306 989; x_wconf 75' lang='grc' dir='ltr'><strong><em>ἤπειρον,</em></strong></span> <span class='ocrx_word' id='word_1_56' title='bbox 331 898 409 968; x_wconf 79' lang='lat' dir='ltr'><strong>silure</strong></span> <span class='ocrx_word' id='word_1_57' title='bbox 422 901 603 986; x_wconf 67' lang='grc' dir='ltr'><strong><em>ὡρμημένοι</em></strong></span> <span class='ocrx_word' id='word_1_58' title='bbox 624 901 685 967; x_wconf 78' lang='lat' dir='ltr'><strong>sind</strong></span> <span class='ocrx_word' id='word_1_59' title='bbox 704 904 824 968; x_wconf 77' lang='lat' dir='ltr'><strong>codrus</strong></span> <span class='ocrx_word' id='word_1_60' title='bbox 849 904 979 988; x_wconf 82' lang='grc' dir='ltr'><strong><em>α’μόνειν</em></strong></span> <span class='ocrx_word' id='word_1_61' title='bbox 1001 911 1045 992; x_wconf 73' lang='grc' dir='ltr'><strong>τῷ</strong></span> <span class='ocrx_word' id='word_1_62' title='bbox 1065 908 1118 970; x_wconf 85' lang='grc' dir='ltr'><strong>ιἀί</strong></span> <span class='ocrx_word' id='word_1_63' title='bbox 1136 907 1175 992; x_wconf 77' lang='grc' dir='ltr'><strong>τῇ</strong></span> 
     </span>
     <span class='ocr_line' id='line_1_8' title="bbox 80 1003 1174 1091; baseline -0.002 -23"><span class='ocrx_word' id='word_1_64' title='bbox 80 1005 226 1090; x_wconf 80' lang='grc' dir='ltr'><strong><em>θαλόττη</em></strong></span> <span class='ocrx_word' id='word_1_65' title='bbox 251 1005 427 1089; x_wconf 73' lang='grc' dir='ltr'><strong><em>ἐρχομένῳ,</em></strong></span> <span class='ocrx_word' id='word_1_66' title='bbox 448 1005 559 1066; x_wconf 78' lang='grc' dir='ltr'><strong><em>τοῦτον</em></strong></span> <span class='ocrx_word' id='word_1_67' title='bbox 585 1003 621 1066; x_wconf 82' lang='grc' dir='ltr'><strong>δὲ</strong></span> <span class='ocrx_word' id='word_1_68' title='bbox 651 1007 797 1084; x_wconf 85' lang='grc' dir='ltr'><strong><em>μέγιστον</em></strong></span> <span class='ocrx_word' id='word_1_69' title='bbox 819 1004 1020 1091; x_wconf 78' lang='grc' dir='ltr'><strong><em>ἐπῳκοδόμει,</em></strong></span> <span class='ocrx_word' id='word_1_70' title='bbox 1042 1007 1097 1068; x_wconf 86' lang='grc' dir='ltr'><strong>καί</strong></span> <span class='ocrx_word' id='word_1_71' title='bbox 1115 1026 1174 1086; x_wconf 87' lang='grc' dir='ltr'><strong>μο-</strong></span> 
     </span>
     <span class='ocr_line' id='line_1_9' title="bbox 79 1103 1174 1194; baseline -0.005 -21"><span class='ocrx_word' id='word_1_72' title='bbox 79 1109 182 1194; x_wconf 79' lang='grc' dir='ltr'><strong><em>λίβδιρ</em></strong></span> <span class='ocrx_word' id='word_1_73' title='bbox 204 1104 280 1181; x_wconf 84' lang='grc' dir='ltr'><strong><em>τοός</em></strong></span> <span class='ocrx_word' id='word_1_74' title='bbox 301 1105 440 1188; x_wconf 85' lang='grc' dir='ltr'><strong><em>πόργσυς</em></strong></span> <span class='ocrx_word' id='word_1_75' title='bbox 461 1105 613 1188; x_wconf 81' lang='grc' dir='ltr'><strong><em>έοεέγετο.</em></strong></span> <span class='ocrx_word' id='word_1_76' title='bbox 654 1104 688 1170; x_wconf 86' lang='grc' dir='ltr'><strong>τό</strong></span> <span class='ocrx_word' id='word_1_77' title='bbox 712 1107 747 1170; x_wconf 82' lang='grc' dir='ltr'><strong>δέ</strong></span> <span class='ocrx_word' id='word_1_78' title='bbox 766 1103 881 1181; x_wconf 86' lang='grc' dir='ltr'><strong><em>πλότος</em></strong></span> <span class='ocrx_word' id='word_1_79' title='bbox 901 1109 957 1172; x_wconf 78' lang='lat' dir='ltr'><strong>susi</strong></span> <span class='ocrx_word' id='word_1_80' title='bbox 975 1110 1099 1188; x_wconf 82' lang='grc' dir='ltr'><strong><em>τείχους</em></strong></span> <span class='ocrx_word' id='word_1_81' title='bbox 1119 1103 1174 1168; x_wconf 87' lang='grc' dir='ltr'><strong>πό-</strong></span> 
     </span>
     <span class='ocr_line' id='line_1_10' title="bbox 79 1202 1172 1288; baseline -0.004 -18"><span class='ocrx_word' id='word_1_82' title='bbox 79 1211 142 1282; x_wconf 87' lang='grc' dir='ltr'><strong>δας</strong></span> <span class='ocrx_word' id='word_1_83' title='bbox 165 1206 223 1269; x_wconf 79' lang='lat' dir='ltr'><strong>dio</strong></span> <span class='ocrx_word' id='word_1_84' title='bbox 246 1209 299 1268; x_wconf 83' lang='grc' dir='ltr'><strong>καί</strong></span> <span class='ocrx_word' id='word_1_85' title='bbox 318 1202 436 1284; x_wconf 80' lang='grc' dir='ltr'><strong><em>εἴκοσι,</em></strong></span> <span class='ocrx_word' id='word_1_86' title='bbox 460 1207 523 1268; x_wconf 78' lang='lat' dir='ltr'><strong>sois</strong></span> <span class='ocrx_word' id='word_1_87' title='bbox 542 1207 578 1268; x_wconf 82' lang='grc' dir='ltr'><strong>δὲ</strong></span> <span class='ocrx_word' id='word_1_88' title='bbox 600 1203 729 1288; x_wconf 85' lang='grc' dir='ltr'><strong><em>πόργιυν</em></strong></span> <span class='ocrx_word' id='word_1_89' title='bbox 748 1209 803 1268; x_wconf 90' lang='grc' dir='ltr'><strong>καί</strong></span> <span class='ocrx_word' id='word_1_90' title='bbox 823 1210 916 1268; x_wconf 87' lang='grc' dir='ltr'><strong><em>πλέον</em></strong></span> <span class='ocrx_word' id='word_1_91' title='bbox 936 1206 1067 1288; x_wconf 77' lang='grc' dir='ltr'><strong><em>τούτων,</em></strong></span> <span class='ocrx_word' id='word_1_92' title='bbox 1083 1202 1172 1285; x_wconf 87' lang='grc' dir='ltr'><strong><em>τριό-</em></strong></span> 
     </span>
     <span class='ocr_line' id='line_1_11' title="bbox 29 1305 1172 1388; baseline -0.001 -20"><span class='ocrx_word' id='word_1_93' title='bbox 29 1317 68 1369; x_wconf 89' lang='lat'><strong>10</strong></span> <span class='ocrx_word' id='word_1_94' title='bbox 80 1331 188 1376; x_wconf 86' lang='grc' dir='ltr'><strong><em>κοντα.</em></strong></span> <span class='ocrx_word' id='word_1_95' title='bbox 231 1307 273 1380; x_wconf 87' lang='grc' dir='ltr'><strong>τός</strong></span> <span class='ocrx_word' id='word_1_96' title='bbox 295 1305 329 1370; x_wconf 84' lang='grc' dir='ltr'><strong>δὲ</strong></span> <span class='ocrx_word' id='word_1_97' title='bbox 351 1307 576 1385; x_wconf 78' lang='grc' dir='ltr'><strong><em>ε’πιτετείχιστο</em></strong></span> <span class='ocrx_word' id='word_1_98' title='bbox 598 1308 631 1380; x_wconf 83' lang='grc' dir='ltr'><strong><em>ἐς</em></strong></span> <span class='ocrx_word' id='word_1_99' title='bbox 650 1313 736 1386; x_wconf 77' lang='grc' dir='ltr'><strong><em>τρεῖς</em></strong></span> <span class='ocrx_word' id='word_1_100' title='bbox 748 1309 862 1388; x_wconf 80' lang='grc' dir='ltr'><strong><em>μῆνας,</em></strong></span> <span class='ocrx_word' id='word_1_101' title='bbox 883 1307 1042 1386; x_wconf 78' lang='grc' dir='ltr'><strong><em>ἐπέδραμέ</em></strong></span> <span class='ocrx_word' id='word_1_102' title='bbox 1060 1327 1092 1369; x_wconf 89' lang='grc' dir='ltr'><strong>τε</strong></span> <span class='ocrx_word' id='word_1_103' title='bbox 1114 1305 1172 1368; x_wconf 81' lang='grc' dir='ltr'><strong><em>αι’-</em></strong></span> 
     </span>
     <span class='ocr_line' id='line_1_12' title="bbox 79 1401 1032 1492; baseline -0.002 -20"><span class='ocrx_word' id='word_1_104' title='bbox 79 1410 155 1472; x_wconf 83' lang='grc' dir='ltr'><strong><em>τίκα</em></strong></span> <span class='ocrx_word' id='word_1_105' title='bbox 176 1405 235 1490; x_wconf 79' lang='grc' dir='ltr'><strong>την</strong></span> <span class='ocrx_word' id='word_1_106' title='bbox 255 1407 434 1483; x_wconf 85' lang='grc' dir='ltr'><strong><em>Βυζαντίου</em></strong></span> <span class='ocrx_word' id='word_1_107' title='bbox 454 1403 574 1486; x_wconf 76' lang='grc' dir='ltr'><strong><em>χώραν,</em></strong></span> <span class='ocrx_word' id='word_1_108' title='bbox 596 1401 733 1483; x_wconf 86' lang='grc' dir='ltr'><strong><em>πόλεμον</em></strong></span> <span class='ocrx_word' id='word_1_109' title='bbox 754 1406 838 1492; x_wconf 70' lang='grc' dir='ltr'><strong><em>αὐτῷ</em></strong></span> <span class='ocrx_word' id='word_1_110' title='bbox 859 1407 1032 1488; x_wconf 85' lang='grc' dir='ltr'><strong><em>ἐξενεγκοόν.</em></strong></span> 
     </span>
     <span class='ocr_line' id='line_1_13' title="bbox 170 1501 1175 1588; baseline -0.004 -18"><span class='ocrx_word' id='word_1_111' title='bbox 170 1508 235 1570; x_wconf 78' lang='lat' dir='ltr'><strong>Turi</strong></span> <span class='ocrx_word' id='word_1_112' title='bbox 254 1507 281 1568; x_wconf 90' lang='grc' dir='ltr'><strong>δ’</strong></span> <span class='ocrx_word' id='word_1_113' title='bbox 313 1501 529 1586; x_wconf 81' lang='grc' dir='ltr'><strong><em>ἐπιγινομένου</em></strong></span> <span class='ocrx_word' id='word_1_114' title='bbox 549 1507 705 1585; x_wconf 75' lang='grc' dir='ltr'><strong><em>χειμῶνος</em></strong></span> <span class='ocrx_word' id='word_1_115' title='bbox 740 1504 943 1588; x_wconf 85' lang='grc' dir='ltr'><strong><em>Τουραχόνην</em></strong></span> <span class='ocrx_word' id='word_1_116' title='bbox 963 1501 1099 1585; x_wconf 82' lang='grc' dir='ltr'><strong><em>ἔπεμπεν</em></strong></span> <span class='ocrx_word' id='word_1_117' title='bbox 1121 1503 1175 1568; x_wconf 75' lang='lat' dir='ltr'><strong>tui</strong></span> 
     </span>
     <span class='ocr_line' id='line_1_14' title="bbox 79 1599 1200 1686; baseline -0.006 -16"><span class='ocrx_word' id='word_1_118' title='bbox 79 1607 332 1685; x_wconf 86' lang='grc' dir='ltr'><strong><em>Πελοπόννησον,</em></strong></span> <span class='ocrx_word' id='word_1_119' title='bbox 346 1606 489 1682; x_wconf 82' lang='grc' dir='ltr'><strong><em>πολεμτόν</em></strong></span> <span class='ocrx_word' id='word_1_120' title='bbox 504 1599 573 1682; x_wconf 80' lang='grc' dir='ltr'><strong>όμα</strong></span> <span class='ocrx_word' id='word_1_121' title='bbox 594 1605 648 1666; x_wconf 84' lang='grc' dir='ltr'><strong>καί</strong></span> <span class='ocrx_word' id='word_1_122' title='bbox 660 1610 722 1677; x_wconf 81' lang='grc' dir='ltr'><strong><em>τοῖς</em></strong></span> <span class='ocrx_word' id='word_1_123' title='bbox 736 1608 891 1683; x_wconf 79' lang='grc' dir='ltr'><strong><em>βασιλέως</em></strong></span> <span class='ocrx_word' id='word_1_124' title='bbox 909 1601 1060 1686; x_wconf 74' lang='grc' dir='ltr'><strong><em>Ἑλλήνων</em></strong></span> <span class='ocrx_word' id='word_1_125' title='bbox 1080 1600 1200 1671; x_wconf 71' lang='lat' dir='ltr'><strong>‹idei-13</strong></span> 
     </span>
     <span class='ocr_line' id='line_1_15' title="bbox 34 1694 1173 1788; baseline -0.004 -22"><span class='ocrx_word' id='word_1_126' title='bbox 34 1773 39 1778; x_wconf 60' lang='grc'><strong><em>,</em></strong></span> <span class='ocrx_word' id='word_1_127' title='bbox 80 1712 164 1788; x_wconf 70' lang='lat' dir='ltr'><strong>spate.</strong></span> <span class='ocrx_word' id='word_1_128' title='bbox 190 1694 300 1778; x_wconf 74' lang='grc' dir='ltr'><strong><em>,οὗτος</em></strong></span> <span class='ocrx_word' id='word_1_129' title='bbox 328 1705 387 1780; x_wconf 79' lang='grc' dir='ltr'><strong>μὲν</strong></span> <span class='ocrx_word' id='word_1_130' title='bbox 406 1694 464 1764; x_wconf 79' lang='grc' dir='ltr'><strong>σόν</strong></span> <span class='ocrx_word' id='word_1_131' title='bbox 493 1701 599 1782; x_wconf 77' lang='grc' dir='ltr'><strong><em>λαβὼν</em></strong></span> <span class='ocrx_word' id='word_1_132' title='bbox 623 1701 656 1766; x_wconf 92' lang='grc' dir='ltr'><strong>τό</strong></span> <span class='ocrx_word' id='word_1_133' title='bbox 690 1703 864 1778; x_wconf 79' lang='grc' dir='ltr'><strong><em>Θετταλίας</em></strong></span> <span class='ocrx_word' id='word_1_134' title='bbox 889 1724 924 1764; x_wconf 91' lang='grc' dir='ltr'><strong>τε</strong></span> <span class='ocrx_word' id='word_1_135' title='bbox 945 1703 999 1764; x_wconf 85' lang='grc' dir='ltr'><strong>καί</strong></span> <span class='ocrx_word' id='word_1_136' title='bbox 1017 1697 1173 1784; x_wconf 81' lang='grc' dir='ltr'><strong><em>Εδρυόπης</em></strong></span> 
     </span>
     <span class='ocr_line' id='line_1_16' title="bbox 35 1796 1174 1886; baseline -0.004 -20"><span class='ocrx_word' id='word_1_137' title='bbox 35 1815 69 1866; x_wconf 80' lang='grc'><strong>15</strong></span> <span class='ocrx_word' id='word_1_138' title='bbox 80 1801 281 1886; x_wconf 73' lang='grc' dir='ltr'><strong><em>στράτευμα,</em></strong></span> <span class='ocrx_word' id='word_1_139' title='bbox 309 1796 384 1866; x_wconf 89' lang='grc' dir='ltr'><strong><em>όσον</em></strong></span> <span class='ocrx_word' id='word_1_140' title='bbox 414 1801 468 1865; x_wconf 86' lang='grc' dir='ltr'><strong>έπί</strong></span> <span class='ocrx_word' id='word_1_141' title='bbox 496 1803 607 1883; x_wconf 66' lang='lat' dir='ltr'><strong>dapnis</strong></span> <span class='ocrx_word' id='word_1_142' title='bbox 648 1803 681 1876; x_wconf 82' lang='grc' dir='ltr'><strong><em>ἐς</em></strong></span> <span class='ocrx_word' id='word_1_143' title='bbox 710 1800 766 1884; x_wconf 78' lang='grc' dir='ltr'><strong>τὴν</strong></span> <span class='ocrx_word' id='word_1_144' title='bbox 796 1804 855 1864; x_wconf 81' lang='grc' dir='ltr'><strong>τοῦ</strong></span> <span class='ocrx_word' id='word_1_145' title='bbox 890 1799 1047 1886; x_wconf 78' lang='grc' dir='ltr'><strong><em>Εόριόττης</em></strong></span> <span class='ocrx_word' id='word_1_146' title='bbox 1075 1825 1174 1882; x_wconf 86' lang='grc' dir='ltr'><strong><em>στρα-</em></strong></span> 
     </span>
     <span class='ocr_line' id='line_1_17' title="bbox 79 1897 1261 1986; baseline -0.003 -19"><span class='ocrx_word' id='word_1_147' title='bbox 79 1904 178 1986; x_wconf 75' lang='grc' dir='ltr'><strong><em>τηγοῦ</em></strong></span> <span class='ocrx_word' id='word_1_148' title='bbox 197 1901 368 1968; x_wconf 76' lang='grc' dir='ltr'><strong><em>τάττεσθαι</em></strong></span> <span class='ocrx_word' id='word_1_149' title='bbox 389 1909 520 1984; x_wconf 83' lang='grc' dir='ltr'><strong><em>μοῖραν,</em></strong></span> <span class='ocrx_word' id='word_1_150' title='bbox 542 1898 744 1984; x_wconf 83' lang='grc' dir='ltr'><strong><em>έστρατεόετο</em></strong></span> <span class='ocrx_word' id='word_1_151' title='bbox 765 1898 819 1966; x_wconf 82' lang='grc' dir='ltr'><strong>ἐπί</strong></span> <span class='ocrx_word' id='word_1_152' title='bbox 828 1898 1078 1986; x_wconf 86' lang='grc' dir='ltr'><strong><em>Πελοπόννησον,</em></strong></span> <span class='ocrx_word' id='word_1_153' title='bbox 1101 1897 1174 1974; x_wconf 86' lang='grc' dir='ltr'><strong><em>τοός</em></strong></span> <span class='ocrx_word' id='word_1_154' title='bbox 1256 1935 1261 1945; x_wconf 85' lang='lat'><strong>·</strong></span> 
     </span>
     <span class='ocr_line' id='line_1_18' title="bbox 77 1993 1173 2083; baseline -0.002 -17"><span class='ocrx_word' id='word_1_155' title='bbox 77 2025 114 2066; x_wconf 92' lang='grc' dir='ltr'><strong>τε</strong></span> <span class='ocrx_word' id='word_1_156' title='bbox 137 2001 254 2077; x_wconf 82' lang='grc' dir='ltr'><strong><em>παῖδας</em></strong></span> <span class='ocrx_word' id='word_1_157' title='bbox 286 2003 387 2064; x_wconf 80' lang='grc' dir='ltr'><strong><em>αιίτοό</em></strong></span> <span class='ocrx_word' id='word_1_158' title='bbox 416 1996 484 2081; x_wconf 74' lang='grc' dir='ltr'><strong><em>υἷ’μα</em></strong></span> <span class='ocrx_word' id='word_1_159' title='bbox 509 1999 660 2082; x_wconf 70' lang='grc' dir='ltr'><strong><em>ἀγόμενος</em></strong></span> <span class='ocrx_word' id='word_1_160' title='bbox 688 2004 743 2065; x_wconf 86' lang='grc' dir='ltr'><strong>καί</strong></span> <span class='ocrx_word' id='word_1_161' title='bbox 777 1993 935 2083; x_wconf 74' lang='grc' dir='ltr'><strong><em>ἄρχοντας</em></strong></span> <span class='ocrx_word' id='word_1_162' title='bbox 960 2003 1022 2066; x_wconf 76' lang='grc' dir='ltr'><strong><em>ταῖν</em></strong></span> <span class='ocrx_word' id='word_1_163' title='bbox 1055 2001 1173 2066; x_wconf 87' lang='grc' dir='ltr'><strong><em>Θεττα-</em></strong></span> 
     </span>
     <span class='ocr_line' id='line_1_19' title="bbox 77 2097 1173 2184; baseline 0.001 -21"><span class='ocrx_word' id='word_1_164' title='bbox 77 2102 149 2174; x_wconf 91' lang='grc' dir='ltr'><strong><em>λίας</em></strong></span> <span class='ocrx_word' id='word_1_165' title='bbox 178 2104 233 2163; x_wconf 88' lang='grc' dir='ltr'><strong>καί</strong></span> <span class='ocrx_word' id='word_1_166' title='bbox 256 2102 459 2174; x_wconf 76' lang='grc' dir='ltr'><strong><em>Μακεδονίας</em></strong></span> <span class='ocrx_word' id='word_1_167' title='bbox 487 2098 619 2165; x_wconf 80' lang='grc' dir='ltr'><strong><em>πόλεων.</em></strong></span> <span class='ocrx_word' id='word_1_168' title='bbox 671 2102 727 2164; x_wconf 88' lang='grc' dir='ltr'><strong>καί</strong></span> <span class='ocrx_word' id='word_1_169' title='bbox 754 2098 897 2182; x_wconf 77' lang='grc' dir='ltr'><strong><em>ε’σβαλιόν</em></strong></span> <span class='ocrx_word' id='word_1_170' title='bbox 925 2097 1091 2184; x_wconf 71' lang='grc' dir='ltr'><strong><em>ἐπορεύετο</em></strong></span> <span class='ocrx_word' id='word_1_171' title='bbox 1118 2097 1173 2182; x_wconf 71' lang='grc' dir='ltr'><strong>τὴν</strong></span> 
     </span>
     <span class='ocr_line' id='line_1_20' title="bbox 75 2189 1173 2283; baseline 0 -21"><span class='ocrx_word' id='word_1_172' title='bbox 75 2197 257 2282; x_wconf 85' lang='grc' dir='ltr'><strong><em>μεσόγαιον,</em></strong></span> <span class='ocrx_word' id='word_1_173' title='bbox 274 2198 444 2279; x_wconf 80' lang='grc' dir='ltr'><strong><em>Ἀρκαδίαν</em></strong></span> <span class='ocrx_word' id='word_1_174' title='bbox 464 2189 497 2262; x_wconf 81' lang='grc' dir='ltr'><strong>τό</strong></span> <span class='ocrx_word' id='word_1_175' title='bbox 520 2197 656 2262; x_wconf 90' lang='grc' dir='ltr'><strong><em>παλαιόν</em></strong></span> <span class='ocrx_word' id='word_1_176' title='bbox 678 2201 891 2283; x_wconf 73' lang='grc' dir='ltr'><strong><em>καλουμένην,</em></strong></span> <span class='ocrx_word' id='word_1_177' title='bbox 913 2202 969 2263; x_wconf 85' lang='grc' dir='ltr'><strong>καί</strong></span> <span class='ocrx_word' id='word_1_178' title='bbox 987 2197 1042 2264; x_wconf 84' lang='grc' dir='ltr'><strong><em>διό</em></strong></span> <span class='ocrx_word' id='word_1_179' title='bbox 1060 2201 1173 2282; x_wconf 86' lang='grc' dir='ltr'><strong><em>Τεγέης</em></strong></span> 
     </span>
     <span class='ocr_line' id='line_1_21' title="bbox 34 2297 1170 2385; baseline -0.002 -19"><span class='ocrx_word' id='word_1_180' title='bbox 34 2313 70 2366; x_wconf 76' lang='lat'><strong>20</strong></span> <span class='ocrx_word' id='word_1_181' title='bbox 79 2301 135 2364; x_wconf 83' lang='grc' dir='ltr'><strong>καί</strong></span> <span class='ocrx_word' id='word_1_182' title='bbox 154 2302 353 2372; x_wconf 82' lang='grc' dir='ltr'><strong><em>Μαντινείας</em></strong></span> <span class='ocrx_word' id='word_1_183' title='bbox 374 2298 513 2362; x_wconf 81' lang='grc' dir='ltr'><strong><em>έλαόνων</em></strong></span> <span class='ocrx_word' id='word_1_184' title='bbox 534 2297 640 2385; x_wconf 75' lang='grc' dir='ltr'><strong><em>κατῄει</em></strong></span> <span class='ocrx_word' id='word_1_185' title='bbox 671 2300 724 2362; x_wconf 84' lang='grc' dir='ltr'><strong><em>ε’πί</em></strong></span> <span class='ocrx_word' id='word_1_186' title='bbox 743 2297 801 2381; x_wconf 70' lang='grc' dir='ltr'><strong>τὴν</strong></span> <span class='ocrx_word' id='word_1_187' title='bbox 820 2297 955 2382; x_wconf 80' lang='grc' dir='ltr'><strong><em>’έθαόμην</em></strong></span> <span class='ocrx_word' id='word_1_188' title='bbox 979 2301 1035 2364; x_wconf 81' lang='grc' dir='ltr'><strong>καί</strong></span> <span class='ocrx_word' id='word_1_189' title='bbox 1058 2303 1170 2382; x_wconf 82' lang='grc' dir='ltr'><strong><em>Μεση-</em></strong></span> 
     </span>
     <span class='ocr_line' id='line_1_22' title="bbox 78 2395 1169 2485; baseline 0 -24"><span class='ocrx_word' id='word_1_190' title='bbox 78 2403 151 2462; x_wconf 87' lang='grc' dir='ltr'><strong>νιάν</strong></span> <span class='ocrx_word' id='word_1_191' title='bbox 170 2395 294 2480; x_wconf 73' lang='grc' dir='ltr'><strong><em>χώραν,</em></strong></span> <span class='ocrx_word' id='word_1_192' title='bbox 315 2400 370 2462; x_wconf 88' lang='grc' dir='ltr'><strong>καί</strong></span> <span class='ocrx_word' id='word_1_193' title='bbox 389 2396 574 2481; x_wconf 84' lang='grc' dir='ltr'><strong><em>ληισόμενος</em></strong></span> <span class='ocrx_word' id='word_1_194' title='bbox 587 2396 642 2460; x_wconf 79' lang='lat' dir='ltr'><strong>sini</strong></span> <span class='ocrx_word' id='word_1_195' title='bbox 663 2397 783 2482; x_wconf 75' lang='grc' dir='ltr'><strong><em>ἡμέρας</em></strong></span> <span class='ocrx_word' id='word_1_196' title='bbox 803 2397 924 2478; x_wconf 83' lang='grc' dir='ltr'><strong><em>συχνός</em></strong></span> <span class='ocrx_word' id='word_1_197' title='bbox 936 2397 974 2462; x_wconf 83' lang='grc' dir='ltr'><strong>τό</strong></span> <span class='ocrx_word' id='word_1_198' title='bbox 993 2401 1065 2485; x_wconf 74' lang='grc' dir='ltr'><strong><em>τῇδε</em></strong></span> <span class='ocrx_word' id='word_1_199' title='bbox 1088 2399 1169 2462; x_wconf 79' lang='lat' dir='ltr'><strong>dnu-</strong></span> 
     </span>
     <span class='ocr_line' id='line_1_23' title="bbox 79 2494 1200 2585; baseline 0.007 -25"><span class='ocrx_word' id='word_1_200' title='bbox 79 2494 174 2578; x_wconf 84' lang='grc' dir='ltr'><strong><em>ζόγια</em></strong></span> <span class='ocrx_word' id='word_1_201' title='bbox 201 2497 415 2582; x_wconf 80' lang='grc' dir='ltr'><strong><em>Νεοπολίχνην</em></strong></span> <span class='ocrx_word' id='word_1_202' title='bbox 435 2495 665 2580; x_wconf 79' lang='grc' dir='ltr'><strong><em>παρεστήσατο.</em></strong></span> <span class='ocrx_word' id='word_1_203' title='bbox 687 2501 742 2562; x_wconf 87' lang='grc' dir='ltr'><strong>καί</strong></span> <span class='ocrx_word' id='word_1_204' title='bbox 754 2499 1021 2583; x_wconf 64' lang='grc' dir='ltr'><strong><em>Σιδηροπολιγνην</em></strong></span> <span class='ocrx_word' id='word_1_205' title='bbox 1042 2506 1200 2585; x_wconf 70' lang='grc' dir='ltr'><strong><em>πολιορ-(Ξ</em></strong></span> 
     </span>
    </p>
   </div>
   <div class='ocr_carea' id='block_1_3' title="bbox 150 2631 313 2702">
    <p class='ocr_par' dir='ltr' id='par_1_3' title="bbox 150 2631 313 2702">
     <span class='ocr_line' id='line_1_24' title="bbox 150 2631 313 2702; baseline 0.006 -19"><span class='ocrx_word' id='word_1_206' title='bbox 150 2631 179 2683; x_wconf 88' lang='grc'><strong>7.</strong></span> <span class='ocrx_word' id='word_1_207' title='bbox 200 2631 313 2702; x_wconf 69' lang='lat' dir='ltr'><strong>epiros?</strong></span> 
     </span>
    </p>
   </div>
   <div class='ocr_carea' id='block_1_4' title="bbox 78 2775 1169 4197">
    <p class='ocr_par' dir='ltr' id='par_1_4' title="bbox 78 2775 1169 3556">
     <span class='ocr_line' id='line_1_25' title="bbox 80 2775 1169 2848; baseline 0.004 -20"><span class='ocrx_word' id='word_1_208' title='bbox 80 2777 142 2828; x_wconf 87' lang='lat' dir='ltr'><strong>bem</strong></span> <span class='ocrx_word' id='word_1_209' title='bbox 161 2775 335 2828; x_wconf 81' lang='lat' dir='ltr'><strong>extruendum</strong></span> <span class='ocrx_word' id='word_1_210' title='bbox 353 2777 505 2848; x_wconf 82' lang='lat' dir='ltr'><strong>impulerat,</strong></span> <span class='ocrx_word' id='word_1_211' title='bbox 523 2777 590 2830; x_wconf 85' lang='lat' dir='ltr'><strong>haec</strong></span> <span class='ocrx_word' id='word_1_212' title='bbox 609 2785 675 2842; x_wconf 80' lang='lat' dir='ltr'><strong>erat,</strong></span> <span class='ocrx_word' id='word_1_213' title='bbox 692 2777 821 2831; x_wconf 82' lang='lat' dir='ltr'><strong>videlicet</strong></span> <span class='ocrx_word' id='word_1_214' title='bbox 842 2785 873 2830; x_wconf 85' lang='lat' dir='ltr'><strong>ut</strong></span> <span class='ocrx_word' id='word_1_215' title='bbox 889 2779 1018 2832; x_wconf 70' lang='lat' dir='ltr'><strong>transitus</strong></span> <span class='ocrx_word' id='word_1_216' title='bbox 1034 2779 1063 2830; x_wconf 90' lang='lat' dir='ltr'><strong>in</strong></span> <span class='ocrx_word' id='word_1_217' title='bbox 1081 2779 1169 2832; x_wconf 72' lang='lat' dir='ltr'><strong>laium</strong></span> 
     </span>
     <span class='ocr_line' id='line_1_26' title="bbox 81 2847 1168 2920; baseline 0.004 -20"><span class='ocrx_word' id='word_1_218' title='bbox 81 2847 134 2900; x_wconf 91' lang='lat' dir='ltr'><strong>sibi</strong></span> <span class='ocrx_word' id='word_1_219' title='bbox 153 2847 241 2900; x_wconf 77' lang='lat' dir='ltr'><strong>facilis</strong></span> <span class='ocrx_word' id='word_1_220' title='bbox 263 2855 350 2910; x_wconf 82' lang='lat' dir='ltr'><strong>esset,</strong></span> <span class='ocrx_word' id='word_1_221' title='bbox 371 2857 400 2900; x_wconf 85' lang='lat' dir='ltr'><strong>et</strong></span> <span class='ocrx_word' id='word_1_222' title='bbox 424 2865 459 2900; x_wconf 92' lang='lat' dir='ltr'><strong>ne</strong></span> <span class='ocrx_word' id='word_1_223' title='bbox 478 2848 664 2902; x_wconf 83' lang='lat' dir='ltr'><strong>Occidenteles</strong></span> <span class='ocrx_word' id='word_1_224' title='bbox 686 2851 828 2913; x_wconf 80' lang='lat' dir='ltr'><strong>venirent,</strong></span> <span class='ocrx_word' id='word_1_225' title='bbox 845 2850 1013 2920; x_wconf 83' lang='lat' dir='ltr'><strong>navibusque</strong></span> <span class='ocrx_word' id='word_1_226' title='bbox 1024 2851 1168 2904; x_wconf 85' lang='lat' dir='ltr'><strong>traiectum</strong></span> 
     </span>
     <span class='ocr_line' id='line_1_27' title="bbox 82 2919 1168 2991; baseline 0.005 -21"><span class='ocrx_word' id='word_1_227' title='bbox 82 2919 255 2988; x_wconf 74' lang='lat' dir='ltr'>impedirent,</span> <span class='ocrx_word' id='word_1_228' title='bbox 272 2936 411 2990; x_wconf 84' lang='lat' dir='ltr'><strong>novasque</strong></span> <span class='ocrx_word' id='word_1_229' title='bbox 431 2922 519 2972; x_wconf 88' lang='lat' dir='ltr'><strong>resin</strong></span> <span class='ocrx_word' id='word_1_230' title='bbox 540 2921 601 2972; x_wconf 74' lang='lat' dir='ltr'><strong>Asia</strong></span> <span class='ocrx_word' id='word_1_231' title='bbox 618 2919 787 2973; x_wconf 72' lang='lat' dir='ltr'><strong>molirentur.</strong></span> <span class='ocrx_word' id='word_1_232' title='bbox 833 2937 892 2972; x_wconf 87' lang='lat' dir='ltr'><strong>eam</strong></span> <span class='ocrx_word' id='word_1_233' title='bbox 911 2920 1003 2974; x_wconf 85' lang='lat' dir='ltr'><strong>urbem</strong></span> <span class='ocrx_word' id='word_1_234' title='bbox 1023 2923 1168 2991; x_wconf 87' lang='lat' dir='ltr'><strong>plurimum</strong></span> 
     </span>
     <span class='ocr_line' id='line_1_28' title="bbox 80 2989 1168 3061; baseline 0.002 -19"><span class='ocrx_word' id='word_1_235' title='bbox 80 3007 193 3060; x_wconf 86' lang='lat' dir='ltr'><strong>quoque</strong></span> <span class='ocrx_word' id='word_1_236' title='bbox 210 2989 334 3042; x_wconf 85' lang='lat' dir='ltr'><strong>coulerre</strong></span> <span class='ocrx_word' id='word_1_237' title='bbox 353 2990 493 3042; x_wconf 83' lang='lat' dir='ltr'><strong>iudicabat</strong></span> <span class='ocrx_word' id='word_1_238' title='bbox 510 2990 544 3042; x_wconf 87' lang='lat' dir='ltr'><strong>ad</strong></span> <span class='ocrx_word' id='word_1_239' title='bbox 561 2989 683 3058; x_wconf 72' lang='lat' dir='ltr'><strong>Byzantii</strong></span> <span class='ocrx_word' id='word_1_240' title='bbox 710 2993 947 3061; x_wconf 75' lang='lat' dir='ltr'><strong>oppugnationem.</strong></span> <span class='ocrx_word' id='word_1_241' title='bbox 984 3001 1070 3045; x_wconf 85' lang='lat' dir='ltr'><strong>turres</strong></span> <span class='ocrx_word' id='word_1_242' title='bbox 1087 2995 1168 3046; x_wconf 80' lang='lat' dir='ltr'><strong>etism</strong></span> 
     </span>
     <span class='ocr_line' id='line_1_29' title="bbox 80 3063 1168 3132; baseline 0.004 -19"><span class='ocrx_word' id='word_1_243' title='bbox 80 3071 144 3124; x_wconf 86' lang='lat' dir='ltr'><strong>tres,</strong></span> <span class='ocrx_word' id='word_1_244' title='bbox 164 3079 231 3130; x_wconf 85' lang='lat' dir='ltr'><strong>quae</strong></span> <span class='ocrx_word' id='word_1_245' title='bbox 246 3064 376 3114; x_wconf 74' lang='lat' dir='ltr'><strong>maximas</strong></span> <span class='ocrx_word' id='word_1_246' title='bbox 394 3063 533 3124; x_wconf 84' lang='lat' dir='ltr'><strong>novimus,</strong></span> <span class='ocrx_word' id='word_1_247' title='bbox 561 3063 660 3132; x_wconf 88' lang='lat' dir='ltr'><strong>posuit.</strong></span> <span class='ocrx_word' id='word_1_248' title='bbox 698 3064 765 3114; x_wconf 87' lang='lat' dir='ltr'><strong>duas</strong></span> <span class='ocrx_word' id='word_1_249' title='bbox 792 3065 911 3115; x_wconf 81' lang='lat' dir='ltr'><strong>extruxit</strong></span> <span class='ocrx_word' id='word_1_250' title='bbox 930 3065 1005 3116; x_wconf 81' lang='lat' dir='ltr'><strong>iuxta</strong></span> <span class='ocrx_word' id='word_1_251' title='bbox 1023 3066 1168 3117; x_wconf 88' lang='lat' dir='ltr'><strong>continen-</strong></span> 
     </span>
     <span class='ocr_line' id='line_1_30' title="bbox 79 3128 1168 3204; baseline 0 -20"><span class='ocrx_word' id='word_1_252' title='bbox 79 3141 144 3196; x_wconf 88' lang='lat' dir='ltr'><strong>tem,</strong></span> <span class='ocrx_word' id='word_1_253' title='bbox 164 3131 240 3184; x_wconf 80' lang='lat' dir='ltr'><strong>ntsb</strong></span> <span class='ocrx_word' id='word_1_254' title='bbox 253 3128 296 3185; x_wconf 81' lang='lat' dir='ltr'><strong>isis</strong></span> <span class='ocrx_word' id='word_1_255' title='bbox 313 3134 445 3203; x_wconf 86' lang='lat' dir='ltr'><strong>progressi</strong></span> <span class='ocrx_word' id='word_1_256' title='bbox 466 3135 566 3185; x_wconf 89' lang='lat' dir='ltr'><strong>irruere</strong></span> <span class='ocrx_word' id='word_1_257' title='bbox 585 3141 696 3203; x_wconf 86' lang='lat' dir='ltr'><strong>possent</strong></span> <span class='ocrx_word' id='word_1_258' title='bbox 713 3133 741 3186; x_wconf 86' lang='lat' dir='ltr'><strong>in</strong></span> <span class='ocrx_word' id='word_1_259' title='bbox 760 3149 841 3186; x_wconf 84' lang='lat' dir='ltr'><strong>naves</strong></span> <span class='ocrx_word' id='word_1_260' title='bbox 860 3151 928 3204; x_wconf 85' lang='lat' dir='ltr'><strong>quse</strong></span> <span class='ocrx_word' id='word_1_261' title='bbox 946 3151 1019 3187; x_wconf 83' lang='lat' dir='ltr'><strong>mare</strong></span> <span class='ocrx_word' id='word_1_262' title='bbox 1037 3135 1168 3204; x_wconf 87' lang='lat' dir='ltr'><strong>legerent.</strong></span> 
     </span>
     <span class='ocr_line' id='line_1_31' title="bbox 79 3201 1168 3275; baseline 0.004 -21"><span class='ocrx_word' id='word_1_263' title='bbox 79 3201 174 3256; x_wconf 80' lang='lat' dir='ltr'><strong>herum</strong></span> <span class='ocrx_word' id='word_1_264' title='bbox 193 3205 305 3256; x_wconf 76' lang='lat' dir='ltr'><strong>alteram</strong></span> <span class='ocrx_word' id='word_1_265' title='bbox 324 3203 390 3256; x_wconf 83' lang='lat' dir='ltr'><strong>lecit</strong></span> <span class='ocrx_word' id='word_1_266' title='bbox 406 3205 556 3268; x_wconf 77' lang='lat' dir='ltr'><strong>maximam.</strong></span> <span class='ocrx_word' id='word_1_267' title='bbox 599 3213 685 3256; x_wconf 86' lang='lat' dir='ltr'><strong>turres</strong></span> <span class='ocrx_word' id='word_1_268' title='bbox 704 3213 843 3274; x_wconf 76' lang='lat' dir='ltr'><strong>praeterea</strong></span> <span class='ocrx_word' id='word_1_269' title='bbox 870 3204 981 3275; x_wconf 86' lang='lat' dir='ltr'><strong>plumbo</strong></span> <span class='ocrx_word' id='word_1_270' title='bbox 999 3208 1104 3259; x_wconf 64' lang='lat' dir='ltr'><strong>intexit,</strong></span> <span class='ocrx_word' id='word_1_271' title='bbox 1127 3207 1168 3258; x_wconf 87' lang='lat' dir='ltr'><strong>la-</strong></span> 
     </span>
     <span class='ocr_line' id='line_1_32' title="bbox 80 3273 1168 3345; baseline 0.002 -19"><span class='ocrx_word' id='word_1_272' title='bbox 80 3273 167 3327; x_wconf 91' lang='lat' dir='ltr'><strong>titudo</strong></span> <span class='ocrx_word' id='word_1_273' title='bbox 193 3276 263 3326; x_wconf 85' lang='lat' dir='ltr'><strong>muri</strong></span> <span class='ocrx_word' id='word_1_274' title='bbox 288 3285 346 3328; x_wconf 82' lang='lat' dir='ltr'><strong>erat</strong></span> <span class='ocrx_word' id='word_1_275' title='bbox 371 3275 468 3345; x_wconf 89' lang='lat' dir='ltr'><strong>pedem</strong></span> <span class='ocrx_word' id='word_1_276' title='bbox 495 3275 589 3343; x_wconf 85' lang='lat' dir='ltr'><strong>viginti</strong></span> <span class='ocrx_word' id='word_1_277' title='bbox 616 3274 746 3328; x_wconf 86' lang='lat' dir='ltr'><strong>duorum:</strong></span> <span class='ocrx_word' id='word_1_278' title='bbox 775 3285 804 3327; x_wconf 88' lang='lat' dir='ltr'><strong>at</strong></span> <span class='ocrx_word' id='word_1_279' title='bbox 835 3277 949 3328; x_wconf 85' lang='lat' dir='ltr'><strong>turrium</strong></span> <span class='ocrx_word' id='word_1_280' title='bbox 975 3277 1091 3329; x_wconf 84' lang='lat' dir='ltr'><strong>latitudo</strong></span> <span class='ocrx_word' id='word_1_281' title='bbox 1110 3283 1168 3329; x_wconf 85' lang='lat' dir='ltr'><strong>erat</strong></span> 
     </span>
     <span class='ocr_line' id='line_1_33' title="bbox 78 3345 1167 3418; baseline 0.002 -22"><span class='ocrx_word' id='word_1_282' title='bbox 78 3347 172 3409; x_wconf 71' lang='lat' dir='ltr'><strong>maior,</strong></span> <span class='ocrx_word' id='word_1_283' title='bbox 191 3345 334 3398; x_wconf 82' lang='lat' dir='ltr'><strong>continens</strong></span> <span class='ocrx_word' id='word_1_284' title='bbox 352 3347 462 3414; x_wconf 73' lang='lat' dir='ltr'><strong>triginta</strong></span> <span class='ocrx_word' id='word_1_285' title='bbox 480 3345 571 3415; x_wconf 87' lang='lat' dir='ltr'><strong>pedes.</strong></span> <span class='ocrx_word' id='word_1_286' title='bbox 609 3363 668 3398; x_wconf 87' lang='lat' dir='ltr'><strong>cum</strong></span> <span class='ocrx_word' id='word_1_287' title='bbox 694 3347 763 3398; x_wconf 83' lang='lat' dir='ltr'><strong>muri</strong></span> <span class='ocrx_word' id='word_1_288' title='bbox 781 3348 832 3398; x_wconf 82' lang='lat' dir='ltr'><strong>iam</strong></span> <span class='ocrx_word' id='word_1_289' title='bbox 853 3356 963 3409; x_wconf 83' lang='lat' dir='ltr'><strong>starent,</strong></span> <span class='ocrx_word' id='word_1_290' title='bbox 981 3365 1050 3418; x_wconf 89' lang='lat' dir='ltr'><strong>qnos</strong></span> <span class='ocrx_word' id='word_1_291' title='bbox 1069 3364 1167 3417; x_wconf 86' lang='lat' dir='ltr'><strong>opeme</strong></span> 
     </span>
     <span class='ocr_line' id='line_1_34' title="bbox 79 3415 1166 3488; baseline 0.005 -21"><span class='ocrx_word' id='word_1_292' title='bbox 79 3418 221 3468; x_wconf 75' lang='lat' dir='ltr'><strong>intrasses</strong></span> <span class='ocrx_word' id='word_1_293' title='bbox 240 3433 343 3471; x_wconf 86' lang='lat' dir='ltr'><strong>menses</strong></span> <span class='ocrx_word' id='word_1_294' title='bbox 371 3417 556 3478; x_wconf 83' lang='lat' dir='ltr'><strong>absolverant,</strong></span> <span class='ocrx_word' id='word_1_295' title='bbox 581 3417 711 3488; x_wconf 87' lang='lat' dir='ltr'><strong>impetum</strong></span> <span class='ocrx_word' id='word_1_296' title='bbox 735 3415 812 3473; x_wconf 89' lang='lat' dir='ltr'><strong>dedit</strong></span> <span class='ocrx_word' id='word_1_297' title='bbox 829 3419 859 3471; x_wconf 91' lang='lat' dir='ltr'><strong>in</strong></span> <span class='ocrx_word' id='word_1_298' title='bbox 881 3419 999 3486; x_wconf 76' lang='lat' dir='ltr'><strong>Byzantii</strong></span> <span class='ocrx_word' id='word_1_299' title='bbox 1021 3420 1166 3486; x_wconf 77' lang='lat' dir='ltr'><strong>regionem,</strong></span> 
     </span>
     <span class='ocr_line' id='line_1_35' title="bbox 79 3487 724 3556; baseline 0 -18"><span class='ocrx_word' id='word_1_300' title='bbox 79 3505 112 3538; x_wconf 80' lang='grc' dir='ltr'><strong>εκ</strong></span> <span class='ocrx_word' id='word_1_301' title='bbox 130 3488 252 3556; x_wconf 82' lang='lat' dir='ltr'><strong>professo</strong></span> <span class='ocrx_word' id='word_1_302' title='bbox 270 3505 329 3538; x_wconf 88' lang='lat' dir='ltr'><strong>cum</strong></span> <span class='ocrx_word' id='word_1_303' title='bbox 350 3490 484 3554; x_wconf 76' lang='lat' dir='ltr'><strong>Byzantiis</strong></span> <span class='ocrx_word' id='word_1_304' title='bbox 502 3487 605 3540; x_wconf 90' lang='lat' dir='ltr'><strong>bellum</strong></span> <span class='ocrx_word' id='word_1_305' title='bbox 623 3505 724 3556; x_wconf 87' lang='lat' dir='ltr'><strong>gerens.</strong></span> 
     </span>
    </p>

    <p class='ocr_par' dir='ltr' id='par_1_5' title="bbox 79 3555 1167 4197">
     <span class='ocr_line' id='line_1_36' title="bbox 151 3555 1165 3630; baseline -0.002 -20"><span class='ocrx_word' id='word_1_306' title='bbox 151 3558 245 3610; x_wconf 87' lang='lat' dir='ltr'><strong>Hieme</strong></span> <span class='ocrx_word' id='word_1_307' title='bbox 266 3559 318 3610; x_wconf 85' lang='lat' dir='ltr'><strong>iam</strong></span> <span class='ocrx_word' id='word_1_308' title='bbox 347 3560 465 3612; x_wconf 78' lang='lat' dir='ltr'><strong>instante</strong></span> <span class='ocrx_word' id='word_1_309' title='bbox 485 3559 672 3612; x_wconf 78' lang='lat' dir='ltr'><strong>Turachuneru</strong></span> <span class='ocrx_word' id='word_1_310' title='bbox 689 3561 718 3612; x_wconf 89' lang='lat' dir='ltr'><strong>iu</strong></span> <span class='ocrx_word' id='word_1_311' title='bbox 736 3560 949 3630; x_wconf 72' lang='lat' dir='ltr'><strong>Peloponnesum</strong></span> <span class='ocrx_word' id='word_1_312' title='bbox 969 3555 1056 3620; x_wconf 80' lang='lat' dir='ltr'><strong>misit,</strong></span> <span class='ocrx_word' id='word_1_313' title='bbox 1080 3565 1109 3609; x_wconf 90' lang='lat' dir='ltr'><strong>ut</strong></span> <span class='ocrx_word' id='word_1_314' title='bbox 1127 3557 1165 3610; x_wconf 90' lang='lat' dir='ltr'><strong>ibi</strong></span> 
     </span>
     <span class='ocr_line' id='line_1_37' title="bbox 80 3627 1167 3698; baseline 0.001 -18"><span class='ocrx_word' id='word_1_315' title='bbox 80 3628 154 3680; x_wconf 88' lang='lat' dir='ltr'><strong>bello</strong></span> <span class='ocrx_word' id='word_1_316' title='bbox 178 3629 322 3682; x_wconf 72' lang='lat' dir='ltr'><strong>incesseret</strong></span> <span class='ocrx_word' id='word_1_317' title='bbox 338 3629 499 3682; x_wconf 85' lang='lat' dir='ltr'><strong>Graecorum</strong></span> <span class='ocrx_word' id='word_1_318' title='bbox 518 3631 586 3698; x_wconf 87' lang='lat' dir='ltr'><strong>regis</strong></span> <span class='ocrx_word' id='word_1_319' title='bbox 605 3631 709 3684; x_wconf 83' lang='lat' dir='ltr'><strong>fratres.</strong></span> <span class='ocrx_word' id='word_1_320' title='bbox 745 3629 789 3682; x_wconf 86' lang='lat' dir='ltr'><strong>hic</strong></span> <span class='ocrx_word' id='word_1_321' title='bbox 809 3647 895 3682; x_wconf 81' lang='lat' dir='ltr'><strong>ussum</strong></span> <span class='ocrx_word' id='word_1_322' title='bbox 918 3637 945 3682; x_wconf 85' lang='lat' dir='ltr'><strong>to</strong></span> <span class='ocrx_word' id='word_1_323' title='bbox 963 3627 1121 3680; x_wconf 70' lang='lat' dir='ltr'><strong>Thessaliae</strong></span> <span class='ocrx_word' id='word_1_324' title='bbox 1139 3637 1167 3681; x_wconf 90' lang='lat' dir='ltr'><strong>et</strong></span> 
     </span>
     <span class='ocr_line' id='line_1_38' title="bbox 79 3697 1167 3770; baseline -0.002 -18"><span class='ocrx_word' id='word_1_325' title='bbox 79 3701 202 3768; x_wconf 79' lang='lat' dir='ltr'><strong>Europae</strong></span> <span class='ocrx_word' id='word_1_326' title='bbox 220 3702 349 3763; x_wconf 75' lang='lat' dir='ltr'><strong>exercitu,</strong></span> <span class='ocrx_word' id='word_1_327' title='bbox 368 3709 484 3770; x_wconf 84' lang='lat' dir='ltr'><strong>quantus</strong></span> <span class='ocrx_word' id='word_1_328' title='bbox 502 3700 606 3753; x_wconf 81' lang='lat' dir='ltr'><strong>Pherrie</strong></span> <span class='ocrx_word' id='word_1_329' title='bbox 621 3709 679 3753; x_wconf 86' lang='lat' dir='ltr'><strong>erat</strong></span> <span class='ocrx_word' id='word_1_330' title='bbox 696 3710 724 3752; x_wconf 83' lang='lat' dir='ltr'><strong>et</strong></span> <span class='ocrx_word' id='word_1_331' title='bbox 735 3699 873 3770; x_wconf 86' lang='lat' dir='ltr'><strong>Europaeo</strong></span> <span class='ocrx_word' id='word_1_332' title='bbox 907 3701 949 3751; x_wconf 90' lang='lat' dir='ltr'><strong>uci</strong></span> <span class='ocrx_word' id='word_1_333' title='bbox 967 3697 1087 3766; x_wconf 90' lang='lat' dir='ltr'><strong>parebat,</strong></span> <span class='ocrx_word' id='word_1_334' title='bbox 1104 3717 1167 3768; x_wconf 86' lang='lat' dir='ltr'><strong>pro·</strong></span> 
     </span>
     <span class='ocr_line' id='line_1_39' title="bbox 80 3769 1166 3841; baseline 0 -19"><span class='ocrx_word' id='word_1_335' title='bbox 80 3772 165 3822; x_wconf 84' lang='lat' dir='ltr'><strong>sectus</strong></span> <span class='ocrx_word' id='word_1_336' title='bbox 184 3779 226 3822; x_wconf 88' lang='lat' dir='ltr'><strong>est</strong></span> <span class='ocrx_word' id='word_1_337' title='bbox 251 3780 343 3824; x_wconf 83' lang='lat' dir='ltr'><strong>contre</strong></span> <span class='ocrx_word' id='word_1_338' title='bbox 371 3773 599 3841; x_wconf 86' lang='lat' dir='ltr'><strong>Peloponnesum,</strong></span> <span class='ocrx_word' id='word_1_339' title='bbox 629 3771 757 3824; x_wconf 84' lang='lat' dir='ltr'><strong>adhibitis</strong></span> <span class='ocrx_word' id='word_1_340' title='bbox 780 3773 860 3822; x_wconf 84' lang='lat' dir='ltr'><strong>etiarn</strong></span> <span class='ocrx_word' id='word_1_341' title='bbox 878 3771 933 3822; x_wconf 87' lang='lat' dir='ltr'><strong>suis</strong></span> <span class='ocrx_word' id='word_1_342' title='bbox 958 3769 1030 3821; x_wconf 89' lang='lat' dir='ltr'><strong>liliis.</strong></span> <span class='ocrx_word' id='word_1_343' title='bbox 1080 3769 1166 3822; x_wconf 86' lang='lat' dir='ltr'><strong>additi</strong></span> 
     </span>
     <span class='ocr_line' id='line_1_40' title="bbox 80 3841 1165 3912; baseline 0 -20"><span class='ocrx_word' id='word_1_344' title='bbox 80 3850 142 3894; x_wconf 87' lang='lat' dir='ltr'><strong>sunt</strong></span> <span class='ocrx_word' id='word_1_345' title='bbox 158 3842 222 3893; x_wconf 88' lang='lat' dir='ltr'><strong>huic</strong></span> <span class='ocrx_word' id='word_1_346' title='bbox 241 3851 269 3894; x_wconf 86' lang='lat' dir='ltr'><strong>et</strong></span> <span class='ocrx_word' id='word_1_347' title='bbox 286 3843 445 3896; x_wconf 74' lang='lat' dir='ltr'><strong>&#39;l&#39;hesssliae</strong></span> <span class='ocrx_word' id='word_1_348' title='bbox 470 3843 702 3912; x_wconf 80' lang='lat' dir='ltr'><strong>Macedoniaeque</strong></span> <span class='ocrx_word' id='word_1_349' title='bbox 727 3841 832 3894; x_wconf 83' lang='lat' dir='ltr'><strong>urbium</strong></span> <span class='ocrx_word' id='word_1_350' title='bbox 862 3843 1003 3910; x_wconf 87' lang='lat' dir='ltr'><strong>principes.</strong></span> <span class='ocrx_word' id='word_1_351' title='bbox 1041 3841 1165 3894; x_wconf 86' lang='lat' dir='ltr'><strong>omuibus</strong></span> 
     </span>
     <span class='ocr_line' id='line_1_41' title="bbox 80 3911 1166 3983; baseline 0 -20"><span class='ocrx_word' id='word_1_352' title='bbox 80 3913 159 3978; x_wconf 84' lang='lat' dir='ltr'><strong>igitur</strong></span> <span class='ocrx_word' id='word_1_353' title='bbox 177 3914 278 3981; x_wconf 77' lang='lat' dir='ltr'><strong>peratis</strong></span> <span class='ocrx_word' id='word_1_354' title='bbox 297 3931 345 3982; x_wconf 87' lang='lat' dir='ltr'><strong>per</strong></span> <span class='ocrx_word' id='word_1_355' title='bbox 363 3913 594 3976; x_wconf 84' lang='lat' dir='ltr'><strong>mediterraneam,</strong></span> <span class='ocrx_word' id='word_1_356' title='bbox 636 3931 695 3964; x_wconf 86' lang='lat' dir='ltr'><strong>uum</strong></span> <span class='ocrx_word' id='word_1_357' title='bbox 714 3915 779 3966; x_wconf 89' lang='lat' dir='ltr'><strong>olim</strong></span> <span class='ocrx_word' id='word_1_358' title='bbox 799 3911 935 3964; x_wconf 75' lang='lat' dir='ltr'><strong>Arcadiam</strong></span> <span class='ocrx_word' id='word_1_359' title='bbox 954 3911 1054 3976; x_wconf 76' lang='lat' dir='ltr'><strong>dixere,</strong></span> <span class='ocrx_word' id='word_1_360' title='bbox 1077 3921 1104 3965; x_wconf 92' lang='lat' dir='ltr'><strong>et</strong></span> <span class='ocrx_word' id='word_1_361' title='bbox 1117 3929 1166 3983; x_wconf 83' lang='lat' dir='ltr'><strong>per</strong></span> 
     </span>
     <span class='ocr_line' id='line_1_42' title="bbox 81 3933 1166 4055; baseline -0.002 -19"><span class='ocrx_word' id='word_1_362' title='bbox 81 3985 196 4051; x_wconf 83' lang='lat' dir='ltr'><strong>Tegeam</strong></span> <span class='ocrx_word' id='word_1_363' title='bbox 213 3984 434 4055; x_wconf 77' lang='lat' dir='ltr'><strong>Mantineamque</strong></span> <span class='ocrx_word' id='word_1_364' title='bbox 453 3985 600 4036; x_wconf 81' lang='lat' dir='ltr'><strong>exercitum</strong></span> <span class='ocrx_word' id='word_1_365' title='bbox 616 3933 729 4044; x_wconf 69' lang='lat' dir='ltr'><strong>lucens,</strong></span> <span class='ocrx_word' id='word_1_366' title='bbox 748 3985 822 4037; x_wconf 84' lang='lat' dir='ltr'><strong>venit</strong></span> <span class='ocrx_word' id='word_1_367' title='bbox 843 3985 870 4036; x_wconf 89' lang='lat' dir='ltr'><strong>in</strong></span> <span class='ocrx_word' id='word_1_368' title='bbox 890 3983 1009 4036; x_wconf 81' lang='lat' dir='ltr'><strong>ithumae</strong></span> <span class='ocrx_word' id='word_1_369' title='bbox 1031 3993 1059 4035; x_wconf 87' lang='lat' dir='ltr'><strong>et</strong></span> <span class='ocrx_word' id='word_1_370' title='bbox 1079 3983 1166 4034; x_wconf 84' lang='lat' dir='ltr'><strong>illese·</strong></span> 
     </span>
     <span class='ocr_line' id='line_1_43' title="bbox 82 4053 1165 4125; baseline -0.003 -18"><span class='ocrx_word' id='word_1_371' title='bbox 82 4071 132 4107; x_wconf 84' lang='lat' dir='ltr'><strong>nae</strong></span> <span class='ocrx_word' id='word_1_372' title='bbox 153 4055 298 4124; x_wconf 74' lang='lat' dir='ltr'><strong>regionem.</strong></span> <span class='ocrx_word' id='word_1_373' title='bbox 334 4074 394 4106; x_wconf 90' lang='lat' dir='ltr'><strong>cum</strong></span> <span class='ocrx_word' id='word_1_374' title='bbox 413 4063 503 4108; x_wconf 80' lang='lat' dir='ltr'><strong>autern</strong></span> <span class='ocrx_word' id='word_1_375' title='bbox 523 4053 619 4106; x_wconf 84' lang='lat' dir='ltr'><strong>diebus</strong></span> <span class='ocrx_word' id='word_1_376' title='bbox 636 4056 727 4108; x_wconf 84' lang='lat' dir='ltr'><strong>multis</strong></span> <span class='ocrx_word' id='word_1_377' title='bbox 745 4055 924 4108; x_wconf 82' lang='lat' dir='ltr'><strong>iumentorum</strong></span> <span class='ocrx_word' id='word_1_378' title='bbox 947 4054 1059 4125; x_wconf 85' lang='lat' dir='ltr'><strong>praedas</strong></span> <span class='ocrx_word' id='word_1_379' title='bbox 1081 4072 1113 4105; x_wconf 84' lang='lat' dir='ltr'><strong>ex</strong></span> <span class='ocrx_word' id='word_1_380' title='bbox 1134 4071 1165 4105; x_wconf 83' lang='lat' dir='ltr'><strong>ea</strong></span> 
     </span>
     <span class='ocr_line' id='line_1_44' title="bbox 84 4123 1163 4197; baseline -0.003 -19"><span class='ocrx_word' id='word_1_381' title='bbox 84 4125 189 4194; x_wconf 76' lang='lat' dir='ltr'><strong>egisset,</strong></span> <span class='ocrx_word' id='word_1_382' title='bbox 209 4126 316 4182; x_wconf 82' lang='lat' dir='ltr'><strong>tandem</strong></span> <span class='ocrx_word' id='word_1_383' title='bbox 337 4127 416 4180; x_wconf 81' lang='lat' dir='ltr'><strong>etiam</strong></span> <span class='ocrx_word' id='word_1_384' title='bbox 443 4125 656 4197; x_wconf 81' lang='lat' dir='ltr'><strong>lleopolichuem</strong></span> <span class='ocrx_word' id='word_1_385' title='bbox 681 4128 763 4196; x_wconf 85' lang='lat' dir='ltr'><strong>cepit.</strong></span> <span class='ocrx_word' id='word_1_386' title='bbox 801 4125 943 4184; x_wconf 84' lang='lat' dir='ltr'><strong>obsidione</strong></span> <span class='ocrx_word' id='word_1_387' title='bbox 965 4125 1063 4180; x_wconf 89' lang='lat' dir='ltr'><strong>deinde</strong></span> <span class='ocrx_word' id='word_1_388' title='bbox 1085 4123 1163 4177; x_wconf 85' lang='lat' dir='ltr'><strong>Side-</strong></span> 
     </span>
    </p>
   </div>
   <div class='ocr_carea' id='block_1_5' title="bbox 0 0 1380 4628">
    <p class='ocr_par' dir='ltr' id='par_1_6' title="bbox 0 0 1380 4628">
     <span class='ocr_line' id='line_1_45' title="bbox 0 0 1380 4628; baseline 0 0"><span class='ocrx_word' id='word_1_389' title='bbox 0 0 1380 4628; x_wconf 95' lang='lat' dir='ltr'><strong> </strong></span> 
     </span>
    </p>
   </div>
  </div>
 </body>
</html>
