2696 4616
339 263 394 326 DE
423 263 551 328 nebus
579 261 769 328 Tuuclcls
800 264 835 326 b.
852 266 904 326 lli.
1111 251 1183 322 507

84 413 136 498 τῷ
160 409 323 498 ναυάρχῳ.
373 411 429 476 καί
459 413 532 476 ἐπεί
548 435 582 476 τε
605 416 773 493 συνέμισγε
801 413 844 498 egi
867 411 1024 490 βασιλέως
1052 407 1186 492 στρατῷ,

87 507 298 592 ἐπολιόρκουν
319 511 493 596 α’μφύτεροι
514 511 570 594 τὴν
584 510 685 591 πόλιν,
707 513 763 576 καί
774 507 1022 595 προσβάλλοντες
1036 510 1090 574 ἐπί
1109 505 1187 590 ἧμέ·

88 633 153 690 ρας
175 611 296 692 συχνάς
315 613 568 695 ἐξεκρούσθησαν
595 615 649 676 καί
675 611 834 692 ἀπέβαλον
860 608 984 692 ὀλίγους
1004 604 1102 684 τινάς.
1144 604 1189 682 uic

89 711 126 771 δ’
144 711 187 772 ού
205 709 380 794 προεχάρει
406 709 426 793 ἦ
446 715 501 793 τῆς
524 708 643 786 πόλεως
669 715 799 794 αἵρεσις,
824 705 1014 792 άπεχάρουυ
1033 701 1092 792 ἤδη
1114 701 1187 770 ἑκά-

53 823 189 891 5τεροι.
233 807 330 887 ὁμὲν
360 799 418 875 σύν
452 813 551 892 μέλας
582 809 751 894 Πόγδανος
778 803 845 893 ἤιεν
865 805 959 888 ύμύσε
981 802 1024 882 oie
1043 807 1186 887 ἐσβαλῶν

89 907 126 980 ἐς
145 905 286 990 τὴντῶν
305 911 420 974 Δακῶν
441 908 561 993 χάραν,
583 910 738 974 ἐκωλύετο
759 912 795 974 δέ
817 905 878 972 sini
901 911 955 990 τῆς
976 909 1054 987 μιάς
1072 910 1187 988 μοίρας
1196 913 1291 968 mlo

89 1015 153 1072 rosi
177 1011 335 1091 στροτού,
366 1003 437 1092 ἥτις
462 1011 606 1076 ἐτέτακτο
644 1012 743 1098 ταύτῃ
779 1006 956 1096 φυλάσσειν
981 1005 1039 1090 τὴν
1064 1004 1221 1088 χάραν.ὓ

90 1105 223 1181 Βλάδος
243 1109 279 1171 δὲ
298 1106 398 1184 αύτὸς
425 1105 508 1190 ἔχων
535 1108 593 1193 τὴν
621 1111 721 1190 μείζω
740 1117 857 1192 μοῖραν
876 1110 933 1170 τού
954 1109 1094 1190 στρατού
1114 1105 1189 1168 ἐπο-

92 1209 207 1290 ρεύετο
228 1207 281 1272 διά
303 1213 367 1274 τάν
386 1207 571 1295 δρυμάναν,
590 1208 797 1292 ἐκδεχόμενος
813 1209 894 1274 ἰδεῖν
914 1201 992 1272 ὅπου
1011 1203 1153 1288 χαιρήσει
1171 1197 1188 1266 ri

37 1318 82 1372 10
92 1307 153 1370 τοῦ
172 1310 327 1388 βασιλέως
348 1308 493 1390 στρατός.
513 1307 664 1390 βασιλεύς
680 1311 739 1390 μὲν
759 1307 832 1392 γάρ,
854 1307 897 1382 uic
910 1305 947 1372 τά
964 1302 1191 1389 στρατεύματα

92 1406 183 1491 αύτῷ
205 1406 359 1486 διαβάντα
373 1409 429 1472 τὸν
444 1402 565 1490 Ἴστρον
580 1411 702 1490 ἐγένετο
726 1410 759 1482 ἐς
777 1407 833 1490 τὴν
851 1408 993 1485 Δακίαν,
1014 1407 1192 1484 ἐσέδραμεν

91 1505 228 1594 ου’δαμῇ.
250 1507 292 1568 ου’
310 1505 369 1588 γάρ
391 1504 442 1570 εἴα
461 1505 477 1569 ὅ
498 1505 658 1590 βασιλεύς,
678 1501 756 1571 άλλά
778 1510 1012 1594 συντεταγμένῳ
1026 1506 1193 1588 ἐπορεύετο

90 1608 136 1690 τῷ
154 1610 382 1687 στρατεύματι.
400 1607 571 1690 ἐπορεύετο
592 1611 621 1670 δ’
635 1593 726 1672 'roob
744 1611 800 1690 τῆς
819 1603 951 1684 πόλεως,
973 1609 1006 1679 ἐς
1024 1603 1062 1687 ἣν
1081 1609 1193 1686 γοναί.

92 1701 152 1776 acic
173 1727 207 1767 τε
229 1705 285 1768 καί
310 1708 429 1780 παῖδας
460 1702 665 1787 oneratum:
695 1703 724 1770 oi
746 1707 850 1779 Δάτις
877 1703 971 1768 αύτοί
985 1705 1122 1778 ,εἵποντο
1149 1702 1192 1786 τῷ

44 1805 226 1882 ἱὸβασιλεῖ
255 1801 309 1867 διά
343 1805 405 1869 τάν
435 1805 626 1887 δρυμάνων·
675 1805 732 1868 καί
760 1797 797 1888 ἦν
821 1827 851 1868 τι
885 1805 1107 1884 άποοπασθειλγ
1134 1801 1289 1865 roomo

93 1905 244 1984 στρατσύ,
267 1903 385 1968 αύτίιια
397 1899 460 1968 ύπό
479 1905 596 1970 τούτων
613 1909 822 1990 διεφθείρετο.
845 1899 861 1968 ὃ
882 1907 941 1986 μὲν
960 1895 1018 1968 σύν
1033 1897 1194 1984 βασιλεύς,

94 1999 141 2076 αἱς
164 2002 271 2075 ου’δείς
302 2001 402 2067 ἐπιάν
423 2005 627 2089 ἐπηγγέλλετο
648 2008 732 2092 αύτῷ
752 2009 786 2080 ἐς
807 2003 865 2088 τήν
886 2006 1011 2088 μάχην,
1032 1995 1106 2068 ούτε
1129 1995 1193 2064 άπὸ

94 2101 250 2166 Παιόνων
272 2113 422 2186 παρεῖναι
433 2107 477 2193 τῷ
497 2103 612 2194 Βλάδῳ
630 2105 794 2193 βοήθειαν,
816 2101 970 2190 ω’λιγάρει
984 2127 1018 2170 τε
1039 2102 1095 2170 καί
1113 2100 1193 2186 η’μέ-

94 2209 144 2266 λει
165 2206 223 2268 τοῦ
240 2203 400 2290 χάρακος,
433 2209 488 2268 καί
512 2205 546 2270 τύ
570 2205 783 2288 στρατόπεδον
804 2210 838 2272 ἐν
867 2205 1050 2291 εύρυχοορίρ
1070 2199 1192 2267 ἔπιπτε.

48 2303 221 2378 νοΒλάδος
243 2329 277 2368 τε
300 2305 362 2389 γάρ
397 2305 440 2380 ὥς
464 2302 603 2370 ἐπύθετο
626 2305 699 2382 τούς
724 2313 892 2389 πολεμίους
913 2305 1069 2386 ἐπιόντας,
1095 2300 1192 2385 ἔπεμ-

94 2427 152 2470 πεν
173 2397 303 2488 ἄγγελον
327 2408 360 2481 ἐς
380 2405 753 2490 τούςΠαίοναςλέγουτα
772 2409 859 2475 τάδε.
882 2397 1064 2490 “ιύ,άνδρες
1086 2409 1191 2471 Πσίο·

95 2723 179 2774 citum
200 2739 277 2774 suum
294 2721 409 2778 adderet
425 2723 559 2776 nararebo
578 2741 662 2796 prope
681 2723 790 2788 flumen,
808 2733 835 2777 et
855 2726 948 2778 iuncto
969 2723 1056 2786 Marte
1076 2723 1190 2776 obside-

95 2801 155 2845 rent
174 2791 278 2844 Celium
304 2795 398 2846 urbem
415 2794 494 2848 Bladi
526 2797 564 2848 slc
584 2795 682 2848 dictam
710 2805 738 2848 et
761 2798 790 2848 iu
819 2813 866 2847 ora
888 2795 1005 2848 fluminis
1037 2795 1123 2846 sitam.
1160 2801 1190 2846 at

96 2865 221 2934 princeps
241 2865 299 2929 ille,
319 2865 366 2916 ubi
389 2867 509 2918 animum
529 2871 597 2936 regis
615 2868 761 2929 intellexit,
779 2869 931 2938 conscripto
953 2867 1072 2919 exercitu
1091 2866 1125 2917 de
1146 2882 1188 2916 re·

96 2935 176 3003 gion‘e
195 2953 252 2999 sua,
272 2937 400 3007 pergebat
420 2937 455 2989 ad
473 2939 583 2990 classem
602 2940 679 3007 regis,
700 2947 731 2989 ut
748 2955 832 3008 prope
851 2937 955 2990 Celium
976 2938 1069 2990 urbem
1087 2935 1187 2987 adiuu-

96 3014 203 3074 geretur
221 3010 293 3076 regiu
313 3008 456 3060 navarcho.
495 3025 550 3078 quo
573 3011 644 3061 lacto
665 3017 779 3080 uterque
799 3009 890 3060 urbem
910 3027 969 3061 eam
983 3007 1186 3078 oppugnabant.

95 3091 209 3148 cumque
229 3095 286 3129 earn
304 3095 400 3150 capere
423 3080 510 3132 annisi
539 3091 629 3133 essent
647 3080 743 3132 diebus
768 3097 832 3132 sune
854 3081 992 3150 plurimis,
1013 3079 1123 3130 taudem
1143 3093 1188 3128 re.

94 3147 167 3218 pulsi
183 3156 248 3202 sunt
268 3149 333 3202 iude
353 3151 456 3202 arnissis
478 3153 579 3220 paucis.
599 3168 715 3223 eumque
734 3153 807 3204 urbis
825 3153 992 3222 oppugnatio
1010 3165 1105 3220 purum
1125 3165 1189 3218 pro·

96 3218 211 3280 cederet,
230 3227 345 3290 uterque
364 3222 442 3274 abiit.
462 3223 544 3290 lliger
566 3223 704 3291 Pogdanus
734 3222 956 3291 proficiscebatur
973 3223 1049 3294 quasi
1069 3219 1187 3291 pupula·

95 3298 171 3342 turus
191 3292 323 3342 Dacorum
342 3295 487 3362 regionem.
523 3311 614 3346 verum
638 3295 772 3346 iulribitus
791 3303 832 3346 est
848 3294 881 3360 ab
901 3311 931 3346 eo
952 3293 1084 3346 exercitus
1102 3298 1188 3362 parte,

96 3377 168 3482 guae
187 3364 313 3434 opposita
333 3365 357 3415 ei
376 3365 474 3428 luerat,
493 3373 524 3417 ut
539 3364 698 3417 defenderet
718 3367 864 3434 regionem,
885 3383 919 3416 ue
941 3363 1053 3417 hostilia
1074 3361 1108 3414 ab
1120 3363 1188 3430 Pog-

115 3447 165 3484 ano
187 3442 333 3504 pateretur.
371 3435 468 3488 Blados
488 3453 547 3488 eum
568 3437 668 3488 maiore
686 3439 819 3488 exercitus
838 3445 913 3506 parte
933 3437 986 3488 iter
1004 3435 1121 3487 faciebat
1139 3449 1188 3502 per

96 3503 174 3556 silvae
195 3503 374 3572 glandiferas,
403 3509 591 3579 exploraturus
615 3525 731 3577 quauurn
760 3507 937 3562 contenderet
955 3507 1026 3574 regia
1044 3505 1186 3558 exercitus.

96 3589 141 3626 rex
157 3592 217 3627 eum
238 3577 385 3630 traiecisset
403 3581 494 3648 copias
516 3580 630 3642 istrum,
655 3579 787 3632 Dacorum
815 3581 951 3648 regionem
971 3579 1106 3648 ingressus
1128 3581 1187 3642 est;

96 3661 145 3698 nee
163 3656 255 3700 tamen
274 3665 333 3700 eam
358 3649 584 3719 populationibus
605 3650 717 3702 urebat:
745 3669 807 3702 nam
830 3669 865 3702 ue
885 3651 914 3702 ld
933 3651 1018 3712 lieret,
1039 3645 1188 3720 prohibue-

97 3726 144 3770 rat.
182 3727 317 3770 caeterum
337 3721 469 3772 instructo
489 3729 517 3772 et
534 3723 684 3792 compositu
708 3723 814 3789 agmine
837 3722 895 3774 ibat
914 3720 950 3773 ad
969 3735 1027 3772 eam
1047 3717 1140 3770 urbem
1154 3719 1189 3770 iu

96 3803 172 3858 quam
186 3789 252 3842 Daoi
274 3799 440 3860 exponentes
460 3791 562 3844 liberos
580 3801 608 3844 et
626 3809 722 3845 uxores
735 3793 922 3863 sequebantur
933 3808 1020 3860 regem
1040 3807 1088 3913 pJer
1105 3804 1189 3859 quer-

96 3869 160 3914 ceta.
197 3861 221 3912 si
242 3863 290 3932 qui
304 3864 412 3930 lougius
432 3861 466 3914 ab
484 3864 590 3934 agmine
610 3865 678 3934 regis
696 3865 806 3916 fueraut
826 3865 968 3934 progressi,
988 3861 1023 3914 ab
1066 3861 1121 3912 aeis
1139 3877 1188 3912 ex·

97 3933 265 4003 cipiebautur
290 3941 318 3986 et
345 3935 482 4006 extemplo
510 3935 645 4006 peribant.
693 3953 738 3986 rex
766 3953 825 3986 cum
853 3935 1026 3986 nuntiaretur
1052 3933 1189 3985 neminem

97 4005 221 4056 aceerlere
239 4005 285 4074 qui
304 4007 399 4076 praelii
428 4013 592 4077 potestatem
620 4006 728 4070 luceret,
751 4016 891 4075 praeterea
910 4022 994 4058 neca
1016 4001 1189 4056 Panuouibus

99 4075 178 4126 blado
196 4077 290 4128 auxilii
311 4079 454 4202 quicgpam
474 4095 547 4140 esse,
577 4077 682 4130 bostem
704 4079 907 4138 contemnebat,
929 4086 956 4130 et
975 4077 1048 4128 vallo
1069 4088 1190 4126 commu·

98 4146 150 4198 nire
170 4155 258 4200 castra
276 4149 380 4220 neglige
402 4157 438 4214 at,
458 4150 580 4222 quamvis
599 4166 629 4202 ea
657 4151 683 4202 in
702 4157 812 4220 patente
833 4165 927 4220 eampo
949 4149 1070 4200 locasset.
1093 4141 1192 4195 bladus
