2610 4618
302 273 357 336 ΒΕ
386 273 513 338 REBUS
541 272 728 340 TURClClS
768 275 803 374 λ...
818 275 856 336 X.
1038 247 1110 320 553

23 446 108 488 νεται
131 419 191 497 τάς
220 423 324 487 adreio
352 416 517 506 γινοριόνας
538 423 595 510 ὕφ’
626 423 714 512 αὐτῷ
736 425 907 507 ποιεῖσθαι,
923 422 972 512 ,ὥς
992 417 1030 487 άν
1054 423 1112 486 δό-

23 545 106 586 αιτσ
127 523 266 604 τάχιστα
301 521 409 598 adroic
440 521 703 608 προσφερόμενος.
751 525 807 588 νόν
825 525 875 587 ,δὲ
893 519 961 608 ἥκει
982 527 1036 588 καί
1058 524 1110 606 ἐφ’

23 619 102 702 inec
140 621 200 702 σόχ
229 615 341 704 ἥκιστα
366 621 381 684 ό
412 620 566 703 πόλεμος,
600 627 655 686 ναί
676 625 770 686 παντί
797 623 904 686 σθένει
925 621 1111 704 πειράσεται

23 721 194 801 λιαβαίνων
225 722 280 804 τόν
306 743 338 786 τε
370 721 483 804 χάραν
514 721 604 802 opor
633 722 924 803 ἀνδραποδίζεσθαι
957 720 1012 786 καί
1039 719 1114 795 τοός

23 811 179 900 ἵρχσντος
199 821 355 908 αἰσχίστῳ
389 821 509 910 ὀλέθρῳ
539 824 740 908 διαφθεῖραι.
790 823 829 885 ου’
849 821 911 904 γάρ
938 815 978 886 όν
1006 820 1116 903 ψυχάν

23 919 124 982 :circii
145 915 214 983 ἔστι
236 917 433 984 διαλλάττειν
464 923 496 996 dc
521 917 594 995 τοός
627 919 798 1005 όμετίρσυς
829 943 863 985 τε
892 924 946 985 καί
972 917 1033 984 όπό
1057 919 1115 1002 τὴν

23 1015 180 1101 Ξμετίραν
199 1023 371 1103 θρησκείαν
392 1011 494 1100 όντας,
514 1021 584 1084 αλλ’
610 1018 787 1100 ἀμείλικτος
809 1016 941 1100 πάμπαν
964 1015 1114 1101 τυγχάνει

23 1111 63 1180 όν
86 1115 206 1198 ὁμοίως
227 1117 341 1194 παντός
362 1122 406 1208 τῷ
425 1121 458 1184 τό
479 1115 507 1184 oi
534 1121 676 1194 ἐπιεικῶς
700 1123 872 1206 φερομένῳ.
914 1115 1114 1184 πυνθάνεσθε

23 1215 81 1300 νάρ
105 1214 208 1300 δήπου
235 1211 288 1282 οἷα
308 1217 364 1284 τόν
398 1221 586 1285 Λαόίσλαον
621 1221 756 1301 βασιλέα
793 1216 945 1304 πρότερον
977 1212 1115 1302 όρχοντα

23 1313 159 1399 ἐποίησε.
210 1319 267 1380 τόν
293 1315 395 1405 τούτῳ
430 1321 489 1401 μὲν
517 1313 593 1394 ἴσως
628 1319 813 1402 συγγνώμην
845 1315 937 1401 ἔσχεν
958 1314 1062 1404 ἑαυτῷ
1082 1319 1148 1382 ἑνί)

23 1415 109 1502 αάχῃ
139 1415 255 1481 όλόντα
279 1416 473 1494 όπεκτονσός·
527 1417 583 1482 τόν
613 1419 648 1482 δέ
667 1439 702 1499 γε
730 1421 863 1498 βασιλέα
890 1419 997 1498 Δαβίδ
1029 1421 1115 1496 Τρυ-

23 1517 189 1592 τεζοόντος
222 1520 277 1580 καί
302 1518 469 1598 Ἰλλυριῶν
499 1519 555 1581 κατ’
574 1520 705 1594 Λίσβου
737 1511 874 1599 ἡγεμόνα
902 1513 975 1594 τοός
1002 1539 1036 1579 τε
1059 1507 1114 1579 άλ-

23 1619 120 1696 λους,
147 1616 183 1678 τί
202 1612 343 1698 χαλεπόν
371 1615 426 1679 όπ’
455 1617 581 1681 ἐκείνων
609 1613 723 1680 παθόν
742 1617 925 1702 διαφθείρει
947 1616 1012 1679 oiri
1032 1613 1115 1694 όμσό

23 1715 165 1795 πάντας,·
187 1717 216 1778 εί
237 1717 297 1796 μὲν
319 1707 376 1779 οδν
396 1711 678 1798 παρασκευάζεσθε
712 1715 766 1780 ἕπτ’
784 1713 841 1800 τήν
862 1717 982 1778 ἐκείνου
1003 1711 1113 1796 χάραν

23 1809 211 1887 ἐλαύνοντες
232 1811 287 1877 τόν
306 1811 444 1896 πόλεμον
462 1819 641 1898 ποιεῖσθαι,
663 1814 747 1898 τάχα
769 1807 808 1878 όν
827 1837 858 1878 τι
880 1816 1114 1900 ίπιτουφίζοιτε

23 1913 79 1975 καί
106 1911 163 1996 τὴν
192 1911 245 1977 ἐπί
276 1916 380 1977 ταῦτα
398 1917 549 1998 ε’συμίνην
572 1912 672 2000 ὁρμάν
694 1914 795 1979 ositeri
815 1916 847 1990 ός
864 1911 921 1997 τόν
943 1907 1113 1980 Παιονίαν.

23 2015 53 2076 εἰ
74 2014 110 2076 δὲ
124 2010 277 2094 ἀνέχεσθε
291 2015 426 2078 τοιαῦτα
441 2013 820 2100 congelascentem
836 2015 871 2079 δὲ
887 2015 1001 2088 ἐκεῖνος
1020 2014 1116 2077 παντί

23 2113 67 2198 τῷ
88 2115 222 2200 στρατῷ,
244 2114 370 2178 dedomo
390 2110 435 2198 μή
452 2117 625 2200 σφαλέντες
639 2109 724 2194 άπαξ
743 2114 817 2179 uide
838 2115 941 2180 πάντα
962 2109 1013 2178 όιτ’
1034 2109 1115 2178 ⁶⁸er-
1129 2129 1220 2187 2296

23 2235 69 2299 νιγ
87 2216 210 2297 γένηται
235 2216 290 2277 καί
308 2212 389 2296 ἡμᾶς
410 2213 542 2279 τάκιστα
564 2215 733 2302 α’πολέσῃ.”

123 2314 232 2376 Ταῦτα
265 2309 418 2377 εἰπόντων
455 2317 516 2380 τόν
548 2315 709 2378 Ουένιτῶν
738 2311 754 2379 ό
784 2313 937 2397 βασιλεός
964 2310 1117 2380 Παιόνων

24 2410 196 2496 όπυλαβών
216 2411 302 2496 ἔλεγε
323 2410 437 2478 τοιάδε.
489 2405 622 2506 “dedere
645 2415 812 2499 Ουίενττοί,
833 2406 870 2478 τό
885 2437 920 2480 ει
940 2415 1042 2498 λέγετε
1064 2411 1119 2478 καί

28 2647 112 2699 ditis?
145 2645 219 2699 baud
239 2651 326 2720 quieti
345 2659 373 2702 et
390 2651 513 2720 lgonvioe
538 2667 566 2702 se
584 2647 807 2722 corrumpendum
826 2647 1032 2714 traiecturum
1052 2649 1117 2700 smi-

29 2719 110 2769 timos
137 2721 216 2770 armis
237 2729 364 2790 appetet,
382 2738 528 2792 eorumque
555 2722 677 2788 regiones
703 2737 766 2772 ense
786 2719 924 2788 adiunget.
961 2737 1012 2772 nec
1030 2737 1117 2772 moros

31 2789 164 2840 nectendo
183 2789 299 2852 sedebit,
318 2807 407 2842 rerum
426 2794 501 2844 illico
522 2793 550 2846 in
572 2793 701 2844 finitimos
721 2807 792 2842 arms
811 2791 938 2844 vibrabit.
974 2809 1046 2843 nunc
1063 2793 1115 2859 igi·

31 2871 76 2911 tor
95 2877 144 2912 nec
160 2861 237 2912 robis
267 2861 370 2913 bellum
394 2874 496 2933 parcet.
540 2881 600 2915 nam
621 2863 780 2925 conabitur,
802 2863 932 2914 universis
957 2865 1011 2914 sois
1032 2863 1117 2930 copiis

32 2931 125 2992 fretus,
144 2931 173 2982 in
194 2933 329 3000 regionem
348 2941 462 2986 vestrum
480 2938 609 3004 impetum
621 2931 718 2996 iecere,
737 2943 815 2986 etex
836 2951 867 2985 ea
888 2932 1026 2985 hominnm
1047 2933 1116 2984 olio-

33 3019 143 3072 rumque
161 3019 248 3054 rernm
268 3003 379 3072 praedes
404 3023 481 3076 ogere
490 3043 499 3069 ,
517 3005 652 3075 principes
669 3013 773 3058 vestros
791 3004 960 3076 turpissimae
981 3003 1040 3055 neci
1058 3012 1115 3054 tro-

35 3072 97 3124 dere
124 3071 197 3124 bend
226 3075 403 3127 cunctabitur.
448 3093 510 3128 nom
543 3077 648 3127 enimus
672 3077 730 3128 eins
753 3092 858 3146 semper
876 3084 918 3127 est
936 3073 1116 3145 implacabilis

35 3161 96 3212 erga
111 3153 263 3197 nostros·et
281 3161 342 3214 ergo
363 3161 455 3197 omnes
473 3163 518 3198 eos
539 3149 585 3218 qui
604 3147 772 3201 Christianae
790 3146 1115 3216 religioni‘scqoiescont.

35 3223 170 3284 praetereo
189 3233 281 3286 parom
299 3227 422 3287 pacatum
441 3219 556 3270 animum
582 3221 651 3288 gerit
670 3235 730 3286 erge
757 3235 816 3271 euro
836 3217 884 3286 qui
906 3233 935 3268 ee
954 3216 1115 3266 benevolum

35 3295 63 3338 et
79 3287 220 3356 benignum
241 3291 329 3340 offert.
373 3287 446 3340 baud
468 3291 539 3342 enim
558 3307 605 3342 ros
622 3290 749 3358 praeterit
773 3287 840 3358 quid
865 3287 960 3339 fecerit
978 3287 1116 3340 Vladislno

36 3359 148 3428 principi
164 3368 260 3411 vestro.
296 3360 526 3412 verumenimvero
545 3361 649 3410 venium
665 3358 709 3410 bic
721 3369 839 3411 meretur
852 3359 966 3420 Torone,
984 3357 1117 3427 siquidem

36 3429 185 3482 vladislaus
206 3431 234 3482 in
258 3433 361 3500 proelio
390 3441 484 3500 ceptus
505 3431 618 3482 interiit.
655 3431 702 3482 sed
729 3427 795 3502 quid
813 3429 879 3481 mali
897 3447 990 3498 passus
1011 3438 1051 3480 est
1071 3438 1119 3480 eut

38 3517 175 3569 quemnam
194 3501 319 3554 iniuriam
339 3505 443 3572 occepit
466 3501 500 3552 ob
513 3501 614 3552 Doride
626 3501 802 3572 Trapezuntis
823 3515 894 3567 rege,
914 3509 942 3550 et
958 3501 992 3550 sb
1010 3499 1121 3566 lllyrio-

36 3585 92 3622 rum
110 3579 137 3624 et
145 3571 223 3624 Lesbi
241 3569 318 3634 duee,
336 3589 441 3624 necnon
456 3575 490 3624 ob
503 3573 615 3642 reliquis
633 3575 701 3642 quo's
720 3587 812 3622 omnes
832 3569 979 3622 crudeliter
995 3569 1120 3622 necavit?

36 3645 57 3693 si
69 3643 158 3712 itnque
169 3644 314 3695 contractis
328 3645 412 3714 copiis
422 3645 451 3695 in
462 3643 521 3696 eius
532 3644 666 3710 regionem
677 3643 817 3704 irrueritis,
834 3652 907 3693 certe
920 3640 994 3693 brevi
1008 3642 1118 3710 spiritus

37 3715 91 3766 eius
109 3729 257 3782 generosos,
276 3731 345 3785 quos
363 3723 455 3766 contro
474 3715 638 3765 Pannoniam
656 3713 790 3782 concepit,
810 3712 994 3766 contuderitis.
1014 3713 1055 3764 ein
1072 3729 1121 3782 po-

36 3786 133 3836 tienter
152 3801 222 3854 quee
246 3785 279 3836 ab
306 3801 369 3853 rege
393 3785 547 3837 inseruntur
565 3786 745 3840 continueritis
755 3823 763 3848 ,
783 3783 994 3852 transgredietur
1020 3783 1041 3834 ie
1057 3783 1121 3834 uni-

36 3856 102 3907 versi
122 3857 253 3908 exereitus
279 3857 375 3908 robore
393 3855 501 3910 sdros.
538 3873 642 3918 vereor,
671 3857 693 3908 ei
713 3854 812 3906 deinde
832 3857 914 3908 semel
934 3855 1120 3906 oberraveritis

39 3935 65 3978 et
82 3943 171 3996 porum
188 3927 306 3979 feliciter
323 3936 416 3980 contro
442 3943 504 3980 enm
523 3927 715 3997 pugnaveritis,
737 3943 773 3978 ns
792 3927 915 3980 universo
935 3925 1073 3978 Pannonio
1091 3927 1120 3976 in

39 3997 93 4049 eius
113 3998 243 4050 dicionem
266 3998 345 4050 cedet
365 4007 394 4052 et
413 4017 459 4052 ros
478 3999 662 4051 crudelissime
681 3997 799 4067 perdet.''

105 4069 222 4132 Venetis,
240 4087 299 4123 cum
319 4070 426 4122 dicendi
445 4071 525 4124 linem
555 4071 692 4133 iecissent,
712 4069 741 4120 in
762 4067 833 4120 hunc
851 4067 960 4120 modom
981 4065 1122 4135 respondit

39 4139 187 4194 Peonooom
206 4158 260 4194 rex.
297 4141 365 4196 “riri
383 4141 491 4210 Veneti,
512 4158 577 4196 seue
602 4147 675 4196 recte
694 4139 791 4204 dicitis,
812 4147 840 4194 et
858 4138 988 4194 videmini
1010 4138 1038 4190 in
1057 4137 1121 4207 plo-
