2730 4630
291 267 295 274 ’
356 261 412 321 DE
443 259 572 322 mos
599 255 788 324 TURCICIS
816 259 852 322 L.
872 261 911 322 V.
1096 251 1169 322 235

67 417 154 486 λεοος
175 405 352 491 ἐνεχείρισε
371 406 427 473 eds
447 411 547 473 παῖδα
573 409 670 496 adegi.
714 413 824 474 τοῦτον
841 412 949 490 μέντοι
970 407 988 471 d
1006 406 1170 492 Ἀμουρτί·
1211 425 1219 462 r·

65 532 127 592 της
150 507 260 590 iudeis
283 507 398 596 α’γχὸνῃ
420 508 553 594 α’νείλεν,
572 501 595 595 ᾗ
614 511 777 588 νομίζεται
797 511 872 592 παρ’
884 510 1005 582 adroic.
1046 510 1171 590 λέγεται

68 612 109 674 δὲ
136 609 289 692 Τεζητίνη
310 601 412 690 ἄνδρα
434 611 543 690 γένους
563 610 622 674 τοῦ
642 612 804 690 βασιλείου
818 612 876 674 τοῦ
893 603 1092 690 Ἐρτζιγιλνης
1108 611 1170 688 βα.

68 711 198 787 σαλίοις,
221 705 413 791 ἀφικόμενον
433 709 478 794 τῷ
496 706 587 770 παιδί
598 705 777 793 σιλμμαχον,
797 704 842 784 οὖς
862 707 997 773 iuri-iero
1017 705 1092 782 τούς
1113 727 1171 768 πο-

40 808 206 887 5λεμίους
226 803 281 869 ἐπί
301 804 357 888 τὴν
378 806 470 871 πόλιν
485 806 638 892 ἀφῖχθαι,
658 808 816 872 ἐλάσαντα
838 809 871 882 ἐς
885 808 1002 888 μέσους
1023 803 1097 881 τούς
1113 817 1201 870 rso-c

69 907 205 985 λεμιλιυς
237 901 293 968 τόν
313 927 346 968 τε
374 909 544 991 Μιχαλίην
576 905 631 972 τὸν
659 912 715 992 τῆς
736 907 895 992 Ειίραλπης
920 904 1096 991 στρατηγόν
1118 909 1173 970 καί

67 1007 242 1086 πρυτανέα
260 1003 403 1086 ἀνελεῖν,
425 1009 573 1086 πολέμιον
601 1005 689 1094 crispi
709 997 803 1085 ὄντα,
825 1007 881 1070 καί
897 1004 1035 1088 ουχνοιλς
1056 995 1172 1080 ἄλλους

66 1101 229 1167 α’νελόντα
250 1102 306 1168 καί
324 1105 424 1167 αιῖτὸν
443 1109 638 1170 τελευτῶντα
661 1106 846 1170 ἀποθανεῖν.

165 1199 242 1265 Τότε
263 1201 371 1285 μὲνδὴ
387 1199 531 1288 Ἓλληνες
553 1201 636 1270 οὕτω
658 1203 899 1288 ἑπεπρολγεισαν,
919 1199 1063 1286 ἑλόμενοι
1085 1200 1171 1282 αἳρε-

13 1321 54 1372 10
65 1323 127 1366 σιν
151 1299 291 1366 ἐναντίαν
310 1305 354 1388 τῷ
377 1301 577 1390 Ἀμουρᾰτρ·
618 1301 678 1388 τήν
696 1304 803 1385 μέντοι
825 1306 954 1388 Θέρμην
975 1307 1031 1387 τῆς
1054 1305 1171 1368 Μακε-

65 1404 187 1475 δονίας
207 1402 359 1467 α’πέιλοντο
376 1397 519 1485 Ἓνετοῖς,
541 1402 684 1468 α’διλνατα
705 1399 786 1468 εἶναι
798 1405 976 1482 νομίζοντες
995 1407 1089 1489 σφίσι
1110 1427 1169 1464 πα-

67 1501 234 1586 ραδοῦναι
256 1500 314 1582 τήν
334 1501 425 1566 πόλιν
447 1501 479 1578 ἐς
500 1502 552 1568 τὸν
567 1503 714 1588 περιόντα
731 1501 802 1568 τότε
822 1501 1169 1584 ἎμουροέτεοιιἈμου-

66 1599 172 1684 ρᾰτης
194 1603 253 1682 μὲν
275 1602 314 1685 δὴ
336 1605 389 1666 ε’πί
409 1605 537 1687 Θέρμην
557 1604 639 1684 μετὰ
663 1609 762 1670 ταῦτα
783 1600 1000 1686 ἐστρατεύετο,
1020 1605 1077 1666 καί
1096 1605 1169 1663 ε’πο-

67 1698 193 1782 λιόρκει
225 1699 283 1784 τὴν
311 1702 403 1766 πόλιν
428 1706 592 1785 προσέχων
619 1705 848 1784 ἐντεταμένως,
876 1705 933 1767 ιιαί
962 1703 1102 1785 προσῆγε
1125 1702 1170 1784 τῷ

18 1821 55 1872 15
68 1802 176 1880 τείχει
205 1799 360 1882 μηχανάς.
416 1805 471 1866 καί
501 1805 595 1866 ουίλὲν
615 1803 798 1888 προυχώρει
821 1803 908 1889 αιλτῷ
929 1801 949 1885 ἦ
971 1803 1027 1885 τῆς
1048 1799 1200 1874 πόλεωςλ)

67 1902 209 1980 αἵρεσις.
253 1903 415 1986 ἐνταῦθα,
444 1901 487 1976 sic
508 1905 651 1985 λέγεται,
672 1905 853 1968 συντίθεται
879 1909 944 1976 τοῖς
965 1903 1001 1966 ἐν
1021 1903 1060 1986 τῇ
1080 1900 1169 1963 πόλει

65 1998 267 2081 προδοοιλιν·
309 1991 353 2089 ᾧ,
374 2005 516 2084 λέγεται,
536 2001 770 2084 ὑπορύσσοντες
791 1999 854 2066 ἀπὸ
876 2003 940 2066 τοῖν
963 1995 1171 2082 οἶκιοόνόριλ-
1270 2029 1272 2036 ’

66 2123 183 2182 ypram
206 2097 447 2186 ἐκτόςφέροντοι
468 2097 687 2168 ualidiorem
711 2104 772 2166 α’πό
800 2091 1013 2188 Οιλενετεὸν,ᾗ
1035 2106 1168 2183 λέγεται.

66 2200 128 2262 καί
150 2195 180 2262 oi
201 2200 388 2280 σ’ριλσσοντες
417 2201 602 2285 ἀπέδρασαν
622 2204 656 2277 ἐς
677 2200 712 2267 τιλ
735 2206 792 2268 τοῦ
812 2201 1016 2287 Ἀμουρολτεαι
1036 2196 1168 2281 στρατό·

19 2301 177 2384 tenedos,
200 2298 393 2380 καταβάντες
415 2299 475 2365 dut
497 2305 556 2369 τοῦ
574 2303 709 2384 τείχους.
751 2297 883 2388 ὕστερον
902 2305 1009 2384 μέντοι
1029 2298 1090 2364 α’πὸ
1114 2301 1169 2382 τῆς

64 2391 175 2482 ἄκρας
197 2398 241 2474 ὥς
262 2403 465 2487 προσέβαλεν,
486 2393 551 2466 εἷλέ
565 2425 599 2466 τε
621 2402 700 2468 uerri
715 2403 830 2488 ιιριλτος
850 2400 907 2486 τήν
925 2402 1017 2467 πόλιν
1038 2401 1093 2464 ναί
1114 2398 1168 2482 ἠν·

68 2705 99 2756 in
119 2707 219 2773 regiam
239 2705 312 2760 urbis
332 2709 422 2760 eedem
440 2717 613 2778 processerat,
632 2727 744 2781 puerum
769 2711 799 2762 in
817 2726 910 2770 manus
934 2706 1061 2773 tradidit;
1086 2722 1165 2776 quern

70 2787 214 2846 acceptum
239 2779 353 2850 laqueo,
385 2790 414 2832 ut
442 2783 523 2833 moris
544 2790 584 2834 est
615 2799 705 2851 regum
734 2782 859 2843 iilorurn,
879 2780 1052 2852 praefocavit.
1089 2777 1167 2830 aiunt

69 2849 249 2913 Τετελλοεπι,
280 2853 364 2902 virum
386 2853 458 2919 regio
478 2853 608 2921 sanguine
627 2863 715 2906 ortum
734 2854 870 2920 Erziganie
890 2852 974 2918 regis,
996 2849 1097 2900 auxilio
1117 2865 1166 2898 ve-

69 2919 146 2969 nisse
165 2937 265 2990 puero,
287 2929 317 2972 ut
349 2923 488 2974 audiverat
507 2923 600 2975 hostes
627 2925 655 2976 in
676 2925 767 2976 urbem
786 2931 951 2994 penetrasse,
969 2929 997 2972 et
1018 2919 1166 2970 coniecisse

70 3007 102 3040 se
122 2989 150 3040 in
170 2991 272 3042 medius
294 2990 401 3057 hostes;
427 2993 473 3044 ubi
494 3003 522 3047 et
541 2993 713 3048 Micisalinem
735 2996 857 3065 Europae
878 3001 907 3045 et
925 2992 1021 3044 ducem
1040 2999 1068 3042 et
1088 2989 1165 3041 iudi-

71 3077 131 3111 cem
154 3057 258 3112 hostem
277 3077 354 3112 suum
372 3065 498 3117 confecit.
549 3065 659 3118 tandem
680 3085 740 3119 curn
760 3067 890 3136 plurimos
909 3065 976 3115 alios
993 3063 1055 3115 neci
1075 3059 1166 3114 dedie-

70 3139 123 3195 eet,
142 3139 172 3182 et
189 3133 246 3201 ipse
265 3134 400 3185 occubuit.

146 3203 309 3255 Graecorum
341 3221 383 3256 res
410 3213 465 3258 turn
492 3206 529 3258 sic
561 3205 731 3267 habuerunt,
763 3221 822 3256 cum
849 3205 935 3258 secuti
954 3211 1044 3256 essent
1062 3210 1167 3273 partem

70 3271 223 3326 Mechmeti
250 3275 394 3327 adversam.
438 3277 579 3328 'l'hermarn
607 3276 783 3330 Macedoniae
804 3275 917 3328 Venetis
939 3275 1096 3336 vendidere,
1116 3275 1168 3324 im·

69 3345 205 3416 possibile
224 3348 407 3400 existimantes
426 3356 457 3398 rat
474 3357 613 3417 sperarent
630 3348 724 3400 urbem
744 3347 795 3398 sibi
814 3345 884 3400 hanc
903 3348 937 3399 ab
957 3349 1085 3399 Amurate
1105 3343 1165 3394 dari

68 3417 100 3467 in
121 3425 268 3484 posterum.
314 3418 355 3470 hie
385 3421 501 3488 peractis
520 3419 622 3471 beilum
648 3420 780 3472 convertit
806 3421 946 3471 Amarates
967 3425 1060 3470 contra
1078 3413 1166 3466 Ther-

68 3503 162 3552 marn3
180 3504 279 3557 quarn,
302 3489 335 3540 ad
356 3491 445 3541 omnia
464 3492 597 3554 intentus,
616 3507 718 3543 summa
738 3507 791 3560 ope
809 3489 991 3560 oppugnabat.
1027 3484 1165 3538 machinae

69 3559 155 3610 etiarn
187 3559 328 3610 moenibus
348 3559 486 3628 admovit3
515 3579 565 3614 nec
591 3571 680 3614 tamen
706 3563 809 3632 coeptis
835 3557 1016 3632 respondebat
1043 3563 1165 3608 eventus.

70 3630 183 3680 tandem
203 3629 383 3697 proditionem
396 3633 542 3702 paciscitur
561 3651 620 3686 cum
635 3631 788 3704 oppidanis,
807 3632 906 3703 quibus
927 3633 1087 3700 imperatum
1107 3635 1166 3680 erat

70 3709 104 3750 nt
124 3700 160 3750 ab
179 3697 304 3752 domibus
322 3705 378 3753 suis
395 3705 533 3756 cuniculos
546 3705 735 3757 subterraneos
754 3711 873 3772 agerent,
891 3703 939 3774 qui
960 3707 1035 3752 extra
1055 3699 1164 3750 ferrent.

70 3779 101 3822 at
119 3769 236 3822 fossores
254 3773 440 3842 comprehensi
460 3791 474 3826 a
493 3775 618 3839 Venetis,
644 3775 754 3846 quidam
775 3777 902 3842 sugerunt
920 3773 948 3823 in
967 3771 1100 3822 Anrnratis
1118 3785 1165 3821 ca·

69 3851 142 3903 atra,
173 3841 367 3896 descendentes
393 3846 427 3898 de
458 3863 544 3900 muro.
589 3847 761 3918 postmodum
788 3846 822 3896 ab
845 3861 921 3908 arce,
950 3859 1030 3916 quam
1051 3841 1166 3911 aggressi

69 3921 167 3974 erant,
189 3925 377 3984 expugnarunt
395 3917 505 3982 urbem,
533 3928 768 3988 expugnatamque
794 3917 938 3986 diripuere.
975 3915 1067 3985 accepi
1087 3929 1167 3984 pere-

68 3985 163 4052 grinor
183 3985 297 4054 impigre
316 3988 476 4041 scandentes
500 3998 528 4041 et
548 3999 704 4060 superantes
726 3989 833 4040 moenia
853 3977 1081 4057 orbern‘cepisee,
1102 3985 1165 4036 reii-
1198 4029 1217 4060 ρ

69 4056 131 4124 quis
150 4053 253 4108 deinde
267 4057 474 4125 accedentibue;
496 4077 576 4131 qnam
597 4059 767 4130 postmodum
788 4059 933 4129 diripuere.
954 4057 1165 4128 necquicquam

68 4141 164 4178 rorum
192 4129 239 4198 qui
264 4130 293 4182 in
326 4129 430 4201 oppido
457 4141 534 4184 erant
551 4132 665 4184 eradere
693 4133 784 4204 potnit
813 4145 906 4183 manne
936 4129 1064 4182 hostium.
1101 4125 1165 4179 hino
