2696 4626
204 251 230 328 4
449 259 618 328 ttontct
648 261 1032 330 ctattcoconnttlt

203 433 341 514 νομίνοον
361 425 487 515 μνήμης
523 430 628 510 α”ξίοιιτ
683 435 741 515 τῆς
759 455 795 497 τε
811 431 963 517 Ἑλλήνων
983 435 1069 518 φημί
1089 433 1226 515 τελευτῆς
1243 423 1278 495 τό

204 534 238 608 tc
253 529 311 614 τίην
330 528 434 614 ἄρχην
456 531 561 596 odada
580 530 872 616 εἰιισνμβεβηκότα,
893 533 949 597 καί
971 533 1119 615 Τοόριιοον
1138 531 1190 594 ἐπί
1205 531 1280 613 μέγα

204 627 369 712 δυνάμεως
398 631 453 694 καί
483 630 538 694 ε’πί
564 631 713 714 μέγιστον
736 633 800 694 τοῖν
829 627 955 695 ιιοόποτε
988 625 1049 716 ἤδη
1077 629 1279 715 ἀφικομένων.

204 731 262 816 ἀφ’
282 721 326 794 τόν
348 727 386 813 δὴ
409 727 467 812 τόν
488 729 581 794 τοῦδε
602 725 659 794 τοῦ
669 731 742 812 βίον
762 729 969 811 εὐδαιμονίαν
988 730 1044 795 ins*
1062 728 1208 793 τάναντία
1226 747 1279 810 φε-

142 832 337 915 Ρ.ορομὲιην
368 827 583 911 ἐπιλεγόμενος
613 823 717 910 ἴσχειν
744 821 828 916 αότῇ
850 829 906 894 καί
933 823 1045 896 όλλοτε
1064 821 1174 907 ἄλλους,
1194 829 1301 906 θέμιςό

201 929 342 1018 ἦγοόμαι
371 921 454 992 εἶναι
483 929 558 1012 περί
589 927 711 1015 α’μφοῖν
747 929 871 994 τοότοιν
891 927 1018 1013 μνήμην
1047 931 1206 994 ποιεῖσθαι
1229 923 1280 986 οὐκ

200 1021 301 1111 ἀεικῆ.
353 1027 536 1112 ξυγγραφήν
565 1028 601 1092 δὲ
639 1026 733 1111 ιη’νδε
762 1023 1021 1108 όποδεικνόμενοι
1049 1019 1280 1110 ἐπιμνησόμεθα

200 1128 257 1191 καί
283 1126 358 1210 περί
386 1117 489 1190 citior
516 1129 581 1191 τῶν
606 1125 686 1192 nord
718 1125 778 1211 την
805 1126 989 1211 οἰκουμένην
1011 1128 1200 1210 γενομέναν,
1229 1122 1280 1184 ουίι

199 1223 288 1314 ἀμφί
308 1225 398 1290 τόνδε
421 1224 477 1290 τόν
499 1223 547 1290 ἐπ’
568 1227 650 1307 ἐμοῦ
665 1226 805 1311 χρόνον,
826 1219 873 1300 οἷς
893 1250 928 1291 τε
952 1223 1049 1300 ariade
1071 1219 1279 1308 παρεγενόμην

197 1321 407 1406 θεασόμενος,
428 1325 484 1388 καί
507 1313 607 1388 πόλλα
630 1324 693 1390 duri
716 1349 751 1388 τε
771 1331 825 1390 τοῦ
846 1323 973 1404 εἰκότος,
996 1319 1134 1406 μάλιστα
1146 1323 1181 1386 dl
1200 1341 1277 1400 συμ-
1287 1331 1314 1383 to

195 1421 406 1507 βαλλόμενος,
425 1425 480 1488 καί
509 1425 552 1500 κός
573 1421 622 1488 ἔτι
657 1423 743 1508 παρὰ
777 1427 838 1490 cciv
859 1423 899 1488 τό
931 1425 1051 1506 α’μείνοο
1084 1419 1278 1508 φρονοόντοιν
1329 1457 1330 1462 1

195 1519 326 1590 ἐδόκουν
346 1527 507 1590 πυθέσθαι
535 1527 610 1606 περί
641 1525 763 1606 αὐτόν,
796 1524 866 1588 ἀλλ’
887 1515 909 1612 ᾗ
931 1519 970 1588 δν
991 1521 1131 1604 μάλιστα
1151 1519 1220 1604 ἔχοι
1239 1517 1278 1592 οἷς

195 1623 420 1709 ἀσφαλέστατα
441 1623 495 1688 ἐπί
513 1622 547 1688 τό
580 1617 710 1703 ἄμεινον
734 1617 887 1708 α’ληθείας
908 1623 1066 1706 εἰρῆσθαι.
1107 1623 1190 1708 μηδὲ
1205 1621 1278 1685 ἐκεῖ·

194 1723 230 1786 νό
254 1745 290 1805 γε
313 1719 397 1786 πόνυ
427 1722 593 1808 ἐκφαόλυος
625 1720 698 1804 ἕχον
719 1721 811 1806 ἡμῖν,
833 1721 876 1800 ὥς
893 1722 1053 1810 Ἑλληνικῇ
1069 1727 1162 1810 φωνῇ
1182 1723 1280 1786 ταῦτα

164 1821 341 1902 Βδιέξιμεν,
364 1820 438 1886 ε’πεί
455 1819 511 1906 η”γε
532 1825 597 1888 τοῖν
613 1818 766 1906 Ἑλλήνων
794 1821 885 1908 φοινῆ
911 1824 1055 1910 πολλαχῇ
1075 1819 1136 1887 α’νό
1159 1818 1216 1905 την
1238 1819 1279 1882 υί-
1289 1832 1315 1882 15

121 1928 345 2006 Μκουμίνην
366 1923 555 2004 διέσπαρται
585 1923 640 1986 καί
658 1929 791 2004 συχναῖς
809 1925 1083 2004 ἐγκαταμέμικται.
1125 1921 1182 1986 καί
1199 1921 1281 1995 κλέος
1329 1949 1330 1958 ¹

189 2023 250 2102 μὲν
272 2021 356 2105 αι’τῇ
378 2024 459 2103 με’γοι
480 2017 515 2085 τό
541 2025 731 2104 παραυτίκα,
760 2023 869 2100 μεῖζον
893 2025 928 2086 δὲ
949 2024 1001 2084 καί
1022 2021 1167 2104 ἐσαῦθις,
1190 2015 1280 2082 dudae
1322 2031 1325 2043 '

195 2118 234 2202 δη“
256 2115 317 2184 α’νό
346 2120 513 2202 βασιλείαν
542 2119 581 2182 οδ
614 2118 743 2206 φαύλην
756 2115 867 2204 Ἕλλην
885 2143 921 2204 γε
942 2113 1038 2196 αότὸς
1058 2115 1210 2202 βασιλεός
1229 2117 1282 2181 καί
1329 2125 1330 2174 3

191 2220 227 2298 ἐξ
248 2218 349 2284 atros}
371 2217 517 2300 ἐσόμενοι
547 2221 700 2301 βασιλεῖς,
723 2211 757 2284 οἶ
772 2219 809 2304 δὴ
830 2219 885 2284 καί
907 2217 936 2284 οἱ
956 2221 1021 2285 τεόν
1035 2218 1190 2306 Ἑλλῄνων
1209 2223 1279 2282 παῖ·
1329 2213 1330 2280 l

261 2413 287 2465 8.
306 2413 356 2467 οὐκ
375 2411 489 2482 cleletll
565 2411 605 2466 10.
624 2413 737 2474 είκδτιος
754 2415 772 2467 Ρ
791 2413 820 2484 (i.
842 2432 866 2466 e.
885 2413 969 2467 editio
988 2415 1166 2489 parisiensis).
1202 2431 1278 2488 qnam

264 2483 412 2536 ubicolam
435 2484 632 2554 appollonius
649 2489 745 2538 ceteris
767 2486 843 2538 lihris
866 2487 1010 2540 consentit.

194 2673 267 2724 enim
285 2671 337 2726 hoc
357 2681 482 2743 opua,·ut
503 2687 561 2726 mea
581 2673 634 2727 lert
655 2673 758 2742 opinio,
779 2689 819 2726 res
839 2681 926 2743 gestas
951 2673 1021 2725 lami
1037 2687 1210 2744 nequaquam
1230 2672 1278 2723 rni-
1329 2681 1330 2710 ι

193 2759 273 2796 norea
292 2743 347 2795 illis
381 2761 450 2814 quac
469 2761 587 2815 unquam
615 2746 644 2796 in
663 2746 788 2796 universo
815 2746 868 2798 isto
890 2753 1020 2796 terrarum
1041 2744 1107 2796 orbe
1132 2745 1279 2812 contigisse

191 2823 381 2867 memorantur.
401 2814 455 2867 duo
473 2825 562 2866 sutem
582 2817 712 2878 continet,
731 2817 893 2868 Graecorum
912 2816 985 2882 regni
999 2816 1147 2875 interitum.
1167 2824 1278 2884 atquae
1329 2873 1330 2878 η

189 2887 259 2939 mala
281 2887 307 2938 in
326 2889 414 2956 ipsum
433 2883 625 2950 redundarunt,
642 2903 692 2937 nec
710 2902 765 2938 non
778 2888 891 2948 Τυισοι,
908 2887 956 2955 qui
975 2885 1049 2938 brevi
1067 2887 1096 2938 in
1113 2893 1202 2938 tantm
1220 2901 1278 2935 cre·
1329 2917 1330 2946 η

192 2964 290 3009 serunt
308 2973 372 3026 opes
391 2965 421 3007 ut
441 2956 537 3026 opibus
552 2958 715 3026 etpotcntia
731 2959 857 3010 mortales
874 2973 975 3018 omnes,
988 2957 1034 3027 qul
1054 2973 1172 3027 unquam
1193 2956 1279 3018 incre,
1329 2969 1330 2978 ¹

193 3028 275 3096 longo
299 3027 441 3078 intervallo
460 3027 530 3078 inira
548 3044 576 3078 ae
599 3029 763 3098 relinquant.
801 3029 847 3098 qui
875 3029 995 3096 quamvis
1023 3043 1095 3078 nunc
1118 3043 1206 3080 rerum
1226 3043 1279 3096 po·

194 3099 296 3150 tiantnr
316 3107 343 3150 et
364 3100 512 3167 praesentia
530 3100 601 3150 ritae
621 3097 779 3150 felicitatem
796 3097 961 3150 conturbent
973 3107 1001 3151 et
1018 3097 1046 3148 ln
1067 3097 1206 3151 diversum
1226 3096 1278 3148 ab·
1329 3097 1330 3112 ¹

191 3171 306 3238 ripiant,
331 3177 419 3220 tamen
441 3183 537 3220 censeo
559 3171 627 3230 lore,
648 3177 725 3238 utet
744 3185 833 3221 meum
853 3169 984 3221 calculum
1003 3167 1139 3232 adiiciam,
1161 3177 1278 3238 tempus,

191 3257 244 3312 quo
263 3257 303 3291 ree
323 3241 439 3309 ipsorum
459 3241 485 3290 iu
506 3242 667 3292 contrarium
694 3248 814 3308 vergant.
850 3238 883 3290 de
909 3241 1029 3309 utrisque
1048 3247 1147 3302 tamen,
1166 3240 1278 3292 Graecis

190 3311 291 3382 pariter
310 3319 337 3361 et
354 3311 457 3372 Tercle,
478 3309 617 3362 historiam
636 3315 780 3362 contexere
798 3327 853 3362 non
875 3310 990 3362 arbitror
1010 3309 1187 3362 iniucnndum
1209 3309 1278 3363 sore.

189 3381 326 3432 historiam
345 3389 434 3431 autem
451 3382 529 3432 istam
548 3379 751 3434 conscribentes
778 3381 905 3433 iaciemus
929 3379 1094 3432 mentionem
1114 3389 1142 3434 et
1161 3382 1279 3434 aliorum
1329 3415 1330 3422 ι

189 3453 307 3522 quaein
326 3451 391 3502 orbe
420 3451 583 3516 acciderant,
610 3469 660 3503 nec
686 3459 775 3504 tamen
794 3468 856 3504 meo
877 3458 1004 3519 tempore,
1023 3459 1055 3502 nt
1072 3453 1172 3521 qnihua
1192 3453 1279 3504 inter-
1329 3501 1330 3528 η

188 3521 287 3574 luerim
306 3522 429 3572 oculatus
457 3522 541 3574 testie.
585 3531 690 3576 caetera
707 3539 787 3583 vero,
804 3537 859 3572 non
876 3529 984 3573 secutas
1001 3523 1161 3576 verisimiles
1180 3523 1278 3576 conie-

189 3600 285 3654 cturas,
302 3607 352 3644 nec
370 3601 401 3644 ut
419 3593 567 3662 acceperim
587 3593 620 3644 ab
638 3593 680 3644 hle
699 3594 745 3663 qai
759 3593 840 3661 magis
859 3607 952 3660 sapere
966 3593 1135 3657 videbantur,
1153 3593 1276 3646 tradam:

188 3677 288 3728 verum,
308 3669 339 3714 ot
355 3663 484 3716 historiae
502 3665 583 3716 series
604 3672 663 3718 tuto
682 3663 791 3725 lerator,
820 3679 852 3714 ea
873 3660 1001 3715 adducam
1021 3679 1189 3734 quaequam
1209 3681 1286 3734 pro-·

188 3732 259 3784 aime
279 3732 314 3784 ad
331 3735 470 3786 veritatem
489 3737 659 3788 accesserint.
695 3751 746 3786 nec
765 3732 844 3786 nohis
862 3735 928 3785 vitio
948 3743 1068 3787 vertatur
1087 3734 1161 3805 qnod
1173 3737 1278 3787 Graeca

188 3801 281 3871 lingua
299 3805 374 3874 operi
395 3806 439 3858 icti
459 3803 611 3867 adhibetur,
630 3809 651 3856 si
670 3804 781 3874 quidem
805 3819 836 3854 ea
855 3801 937 3856 hodie
959 3821 1008 3874 per
1026 3813 1112 3857 totum
1131 3809 1210 3877 quasi
1231 3823 1278 3857 or-

189 3871 252 3926 hcm
272 3881 313 3926 est
339 3873 473 3946 dispersa,
500 3885 528 3928 ct
546 3875 704 3928 nationibus
724 3875 848 3927 omnibus
876 3874 932 3928 lere
956 3877 1077 3928 immixta
1096 3878 1278 3946 conspicitur3

191 3947 269 3997 cuius
286 3945 372 4022 gloria
393 3964 451 3998 cum
480 3947 515 3998 eit
535 3947 687 4010 excellens,
709 3945 887 3998 excellentior
910 3953 1000 4000 tamen
1017 3945 1147 4012 accedet,
1163 3946 1278 4016 quando

191 4032 273 4086 regno
300 4015 400 4068 alicubi
425 4015 498 4068 haud
523 4015 722 4070 contemnendo
750 4019 898 4088 praefuerit
921 4035 967 4070 rea
988 4017 1107 4088 Graecus
1126 4027 1153 4070 et
1170 4019 1222 4087 qui
1243 4035 1285 4083 ea,

191 4101 223 4137 eo
241 4095 384 4142 nascentur
402 4105 486 4160 reges,
505 4094 552 4142 aut
570 4087 678 4159 quando
699 4091 860 4142 Graecorum
879 4087 929 4140 filii
947 4089 976 4142 ln
995 4106 1076 4142 anuas
1096 4089 1206 4143 collecti
1224 4105 1278 4160 pa-
