2730 4630
220 295 293 368 ‘212
458 295 632 368 mortiet
663 291 1048 362 cumcocottums

220 463 364 552 ἧσύχιος.
406 467 519 529 τούτου
538 462 599 528 σύν
615 468 740 540 πολλοῖς
758 457 865 540 ἄλλοις
888 458 1039 546 ἀγόμενος
1061 455 1313 546 ὅΠριάλουπας

187 569 265 642 θείς
283 564 320 632 τύ
343 565 441 630 οἰκεῖα
463 558 712 646 ἀςάνδράποδά
733 583 768 626 τε
789 569 930 648 περιεῖπε
950 560 1005 624 καί
1015 553 1101 644 εἶχεν
1119 563 1153 625 έν
1172 562 1311 647 φυλακῇ.

218 671 252 743 ές
264 664 302 732 τὰ
314 661 462 746 βασίλεια
481 664 651 744 διατρίβων
660 669 803 745 κατεῖχεν
816 661 858 736 ἀς
871 658 1045 744 χρημάτων
1056 663 1089 736 ές
1100 659 1176 736 τούς
1189 660 1312 744 προσή-

217 789 328 840 κοντας
346 766 480 839 έσαύδις
502 761 751 844 ἀποδιδόμενος,
771 756 811 843 ἢν
830 763 965 826 αι’τοέντο
980 761 1107 836 αύτούς.
1130 761 1149 845 ἡ
1172 764 1209 826 δὲ
1229 759 1311 844 γυνη

215 862 328 932 τούτου
350 859 393 939 ὥς
412 859 498 944 ἓύρα
513 862 570 927 τὸν
584 864 718 945 νεανίαν,
739 860 867 944 ἠράσθη
881 881 915 923 τε
935 859 1051 924 edroi·
1073 855 1112 944 ἦν
1130 860 1191 945 γὰρ
1208 862 1264 926 καί
1278 864 1335 939 ε’ς5

216 957 331 1040 ἀλλους
346 963 498 1046 πρότερον
511 961 652 1048 φοιτοδσα
666 962 735 1046 [εἰς]
760 955 878 1060 ἄνδρας
895 958 951 1024 καί
961 960 1140 1036 ἀκόλαστος.
1163 987 1313 1044 συγριυσ-

215 1068 295 1149 μένη
316 1063 421 1128 τοίνυν
441 1063 484 1150 τῷ
497 1063 625 1150 νεπνίφ,
641 1059 697 1124 καί
716 1063 941 1143 έπιμαιυομένη
966 1063 1053 1148 adripi
1069 1062 1102 1137 ἐς
1124 1060 1180 1125 τὸν
1194 1059 1311 1146 ἔρωτα,

216 1169 399 1233 συντίθεται
412 1159 501 1250 αύτῷ
522 1159 575 1224 έπί
598 1163 641 1248 τῷ
654 1161 748 1242 ἀνδρί
761 1158 940 1244 ἐπιβουλήν.
964 1158 1020 1224 καί
1030 1164 1238 1246 ἐξηγουμένης
1254 1165 1312 1244 τῆς

215 1259 363 1347 γυναικός
384 1265 417 1338 ές
436 1259 494 1344 τήν
515 1259 632 1343 κοίτην,
654 1258 697 1334 ἀς
718 1257 891 1324 ἀνεπαύετο
905 1257 1151 1343 Πριάλουπαςὸ
1174 1259 1310 1346 ἡγεμών,

216 1365 321 1428 ἀνεῖλέ
332 1385 366 1426 τε
387 1359 482 1438 αὐτὸν
496 1355 564 1443 ἅμα
579 1357 639 1426 σύν
658 1363 697 1449 τῇ
716 1363 850 1442 γυναικί.
876 1363 932 1424 καί
950 1356 1018 1440 ἀμα
1032 1364 1235 1443 συγκατίσχει
1250 1361 1347 1444 tivit

216 1463 388 1548 ἡγεμονίαν
408 1461 505 1549 αύτῷ.
536 1459 643 1544 ἐπειδὴ
661 1459 875 1544 ε’τυράννευεν,
899 1461 1007 1524 ούδενί
1023 1463 1086 1526 ταῖν
1106 1457 1140 1525 έν
1160 1465 1201 1548 τῇ
1219 1461 1311 1526 πόλει

117 1589 144 1642 ρ,
158 1587 209 1639 113
218 1563 342 1628 ἀλλ’έν
362 1559 400 1644 τῆ
417 1563 545 1642 γυναικί
562 1559 777 1644 ἀρεσκόμενος
801 1558 820 1642 ἦ
840 1563 949 1642 μέντοι
970 1561 1040 1645 δίκη
1067 1563 1122 1626 τὸν
1144 1561 1310 1642 Πριαλού.

216 1687 278 1748 πην
301 1661 359 1724 ούκ
384 1662 429 1734 εἰς
450 1659 577 1743 μακράν
608 1664 762 1741 κατέλαβε
790 1657 844 1724 τόν
866 1663 966 1726 παῖδα
988 1661 1088 1726 ου’τού
1108 1661 1170 1726 ἀπὸ
1191 1665 1312 1748 ταύτης

217 1761 256 1847 δη
281 1765 335 1844 τῆς
353 1761 503 1845 γυναικὸς
523 1761 690 1843 γενόμενον
703 1761 804 1848 αύτῷ·
845 1765 954 1826 τούτου
973 1763 1034 1846 γάρ
1048 1785 1106 1842 τοι,
1129 1763 1172 1837 ὥς
1193 1765 1310 1849 ἐφοίτα

216 1861 302 1946 παρὰ
324 1865 457 1944 βασιλέα
479 1863 604 1925 Minoia
628 1861 813 1940 αἰτούμενος
838 1866 1023 1944 συμμαχίαν
1048 1885 1081 1926 τε
1103 1865 1159 1926 καί
1179 1864 1348 1926 &araon-tt

217 1969 291 2048 ρίαν
311 1963 365 2028 ἐπί
387 1961 557 2044 Κάρουλον
576 1959 630 2025 τὸν
649 1959 719 2025 τότε
749 1962 789 2042 δὴ
810 1964 1015 2044 Ἀκαρνανίας
1035 1961 1206 2044 τύραννον,
1228 1967 1311 2026 συλ·

217 2063 323 2145 λαβών
342 2059 422 2126 tiore
446 2062 502 2144 την
518 2061 630 2142 χώραν
651 2061 753 2123 αι’τσύ
772 2069 951 2143 κατασχεῖν,
974 2063 1102 2144 ἐξέκοψε
1122 2061 1166 2125 roi
1182 2063 1312 2148 ἀφθαλ.

216 2163 279 2245 μού.
320 2160 378 2246 τη“ν
408 2165 512 2241 μέντοι
530 2161 642 2242 χώραν
665 2161 770 2234 ου’δείς
789 2164 1020 2242 κατεστρέψατο
1049 2165 1107 2244 τῆς
1127 2161 1311 2228 Ἰωαννίνοον

218 2261 347 2336 πόλεως.
389 2263 564 2344 ἐπαγομένη
584 2262 695 2324 τούτου
716 2259 753 2341 δη
777 2259 832 2324 τὸν
856 2260 1025 2344 Ιίάρουλον
1044 2261 1098 2327 ἐπί
1116 2265 1229 2348 σφίσιν
1248 2256 1310 2346 ἆρ-

135 2387 167 2440 v,
177 2385 212 2439 39
218 2385 324 2445 χουτα,
345 2363 399 2425 καί
411 2363 679 2443 έπιτετραμμέυου
700 2361 788 2448 αύτῷ
809 2363 928 2425 διέπειν
947 2361 984 2427 τά
1007 2366 1063 2446 τῆς
1085 2363 1207 2439 πόλεως
1226 2366 1350 2449 πρά-20

150 2469 155 2476 ’
219 2485 336 2545 γματα,
355 2464 410 2526 καί
430 2462 637 2543 ἀπεχομένου
659 2462 692 2536 ἐς
722 2459 775 2524 τὸν
798 2461 934 2542 πόλεμον
953 2462 1116 2546 κράτιστα.
1160 2463 1312 2548 ἦμέντσι

293 2645 334 2694 11.
353 2643 468 2766 {naarai
566 2643 608 2696 12.
626 2639 667 2716 ἐν]
687 2640 723 2711 ἢδ
820 2642 873 2700 τού
891 2645 1080 2716 Πριαλούπηῖ
1178 2649 1222 2702 lb.
1239 2652 1312 2703 Μω-

292 2723 338 2768 ort

224 2888 283 2932 erat
301 2879 414 2938 liberali.
437 2884 466 2928 et
486 2883 617 2946 quantum
637 2875 670 2928 nd
689 2893 776 2930 mores
797 2878 904 2941 attinet,
925 2895 1026 2950 aequus
1044 2881 1217 2952 etplacidur.
1239 2883 1313 2936 bone

223 2969 282 3002 cum
303 2951 425 3020 plurimis
442 2948 502 3000 aliis
529 2949 662 3017 captivum
681 2949 788 3001 trahens
816 2951 953 3019 Prialupas
975 2950 1082 3004 domum
1101 2963 1131 3006 ut
1147 2957 1312 3026 mancipium

223 3023 365 3085 tractavit;
383 3035 483 3088 eosque
505 3019 532 3070 io
548 3018 668 3072 custodia
687 3022 839 3082 asservarit,
865 3029 983 3073 moratus
1002 3025 1030 3076 in
1048 3026 1129 3092 regia,
1151 3028 1247 3080 volens
1267 3045 1314 3080 eos

223 3093 382 3162 propinquis
414 3091 554 3142 restituere
583 3099 693 3159 accepta
722 3092 844 3160 pecunia,
870 3093 892 3142 si
911 3094 1037 3146 venirent
1049 3113 1110 3148 suos
1130 3097 1312 3169 redemptum.

224 3181 291 3214 uror
308 3163 448 3230 Prinlupne
478 3159 677 3213 adolescentem
703 3165 788 3214 visum
812 3176 900 3214 amore
924 3167 1023 3233 coepit.
1061 3171 1208 3220 eratenim
1234 3172 1314 3222 istius

223 3233 344 3284 mulieris
362 3234 500 3300 ingenium
521 3239 559 3294 ut,
578 3234 732 3302 priusquam
747 3241 894 3302 peteretur,
911 3243 1017 3304 peteret
1030 3237 1106 3298 viror.
1125 3255 1188 3308 prue
1210 3241 1313 3292 intem·

224 3305 346 3374 perantia
373 3305 414 3354 cui
436 3302 554 3354 obnoxia
581 3311 646 3354 erat.
693 3319 751 3354 eum
787 3305 867 3371 igitur
892 3307 977 3376 stupri
1007 3309 1313 3364 consuetudinariam

225 3373 396 3428 adolescente
409 3373 557 3436 habuisset,
575 3390 665 3425 amore
677 3372 773 3425 ardens
784 3385 812 3426 et
822 3375 913 3426 surena
928 3394 987 3428 cum
1005 3379 1179 3434 adolescente
1200 3383 1314 3436 insidiae

224 3447 319 3497 marito
344 3446 481 3497 subornat.
518 3445 616 3496 mulier
641 3443 838 3498 adolescentem
859 3444 933 3498 ducit
959 3449 986 3498 in
1012 3449 1182 3514 eumenium,
1209 3454 1315 3524 inquo

226 3519 363 3587 quiescere
385 3517 480 3568 solitus
501 3524 558 3585 erat
578 3515 714 3586 Prinlupas
733 3515 803 3582 dur5
831 3516 926 3587 ibique
946 3519 1090 3573 adiuvante
1109 3523 1315 3577 adolescentem

226 3590 337 3640 muliere
356 3587 492 3656 Priaiupsr
510 3587 611 3638 occisus
630 3596 683 3648 ert,
707 3595 734 3637 et
753 3588 810 3656 ipre
837 3587 871 3637 ad
889 3591 995 3658 imperii
1013 3593 1194 3659 gubernacula
1216 3611 1315 3647 ascen-

227 3659 276 3710 dit.
314 3675 372 3710 cum
394 3667 483 3710 autem
507 3657 560 3708 eibi
590 3656 758 3723 tyrannidem
788 3657 821 3710 ad
850 3675 910 3710 eum
932 3661 1039 3714 modum
1058 3673 1188 3734 parasset,
1209 3669 1317 3718 nemini

225 3731 277 3780 nisi
305 3731 412 3780 mulieri
441 3728 494 3782 soli
519 3727 654 3796 placebat.
697 3737 725 3780 at
753 3729 821 3782 ultio
848 3729 922 3782 haud
949 3733 1033 3786 multo
1058 3744 1120 3804 post
1144 3749 1239 3789 secuta
1264 3747 1315 3790 est.

227 3799 364 3868 Prialupas
383 3802 472 3862 enim,
493 3800 540 3868 qui
561 3799 632 3849 tilius
663 3799 720 3850 eius
738 3809 812 3862 erat,
830 3803 914 3870 patris
939 3821 1037 3856 nomen
1057 3795 1159 3874 gereris,
1180 3818 1261 3862 natus
1283 3826 1317 3860 ex

226 3871 277 3921 itta
297 3887 387 3932 uxore,
406 3889 464 3920 cum
483 3879 640 3940 properaret
657 3869 690 3920 ad
707 3887 794 3938 regem
809 3872 911 3924 Morem
931 3883 1025 3941 petens
1037 3879 1167 3930 auxilium
1187 3888 1217 3931 et
1235 3897 1316 3952 prae-

226 3940 323 3991 sidium
352 3951 443 3991 contra
469 3941 594 3992 Carolum
618 3943 780 3992 Acarnaniae
805 3944 969 4012 principem,
1000 3955 1031 3998 ut
1052 3965 1109 4000 eam
1128 3951 1266 4018 regionem
1287 3953 1316 4002 in

226 4017 386 4078 potestatem
405 4009 547 4080 redigeret,
568 4021 660 4081 captus
680 4021 728 4070 est,
750 4013 878 4084 oculique
902 4015 958 4066 eius
979 4019 1047 4070 eruti
1066 4029 1136 4072 sunt.
1175 4023 1316 4089 regionem

226 4079 301 4132 urbis
319 4081 490 4133 loanniorum
520 4097 600 4133 nemo
625 4081 739 4150 subegit.
783 4085 864 4153 petiit
884 4087 954 4138 enim
979 4087 1101 4142 Carolum
1131 4091 1184 4144 ribi
1202 4093 1317 4160 doeem;

226 4153 269 4204 eui
289 4149 335 4204 ubi
356 4151 470 4222 primum
488 4151 563 4204 urbii
581 4151 779 4207 administratio
796 4163 836 4208 eat
850 4158 998 4224 commissa,
1017 4159 1120 4214 beilum
1138 4161 1247 4218 sortiter
1265 4165 1317 4218 ad.
