2696 4626
182 249 254 312 vm
450 245 487 310 C.
518 245 557 307 A.
586 241 799 308 FABROTUS
828 239 1017 304 LECTORI.

182 417 279 466 ctenns
309 398 429 462 inedias
457 399 610 482 prolatis:
643 417 762 483 semper
792 396 873 457 enim
892 415 984 458 curae
1012 395 1095 458 nobis
1111 399 1184 478 ficit
1202 415 1272 465 ate

178 531 259 594 pena
280 529 359 568 mem
381 520 480 588 nostra
503 503 744 590 depromeremrrs
755 503 837 588 qaod
854 505 986 582 auctori,
1006 525 1092 588 quem
1114 507 1274 571 inescan-

182 619 253 680 dam
276 617 460 700 suscepimus,
483 615 644 674 inserviret
650 635 663 689 ,·
682 627 710 674 et
729 625 839 674 certam
860 626 914 688 cst,
936 613 964 672 si
982 615 1106 697 qaarrdo
1121 615 1278 700 prodierit

183 727 303 786 lexicon
324 725 550 803 Byzantinum,
577 725 687 807 inquo
714 721 864 782 vocabola
882 719 1063 802 difficiliora
1082 743 1118 781 ac
1138 722 1276 786 Gracco.

184 833 322 909 barbam,
346 852 421 914 quae
443 829 628 899 inormibus
649 831 786 896 historiar
800 829 990 908 Byzantinae
1012 819 1205 913 scriptoribrls
1224 853 1278 893 oc-

183 953 318 1016 currant,
349 937 597 1022 explicabuntur,
625 957 713 1021 posse
741 957 794 996 nos
812 937 975 997 accessione
1001 959 1082 998 nova
1103 941 1277 1020 congeriem

183 1048 274 1108 illam
297 1047 496 1131 locupletare.
537 1067 577 1108 ca
597 1043 638 1105 dc
661 1067 693 1106 re
712 1058 815 1105 tamen
840 1067 931 1129 penes
953 1066 1014 1126 cos,
1035 1067 1159 1130 qaorum
1180 1068 1278 1132 opera

182 1158 303 1217 lexicon
324 1156 402 1216 illad
421 1157 454 1216 in
475 1157 571 1216 lucem
599 1155 709 1230 exibit,
726 1177 786 1240 per
813 1175 861 1216 me
878 1157 1036 1216 arbitrium
1058 1169 1129 1218 esto.
1170 1180 1279 1220 veram

185 1264 304 1349 quidem
319 1278 370 1340 est,
394 1283 436 1326 ex
455 1283 516 1346 qao
537 1263 680 1324 historiae
702 1264 894 1343 Byzantinos
912 1263 1038 1325 edia'oni
1050 1287 1189 1348 praeesse
1209 1287 1279 1327 coc-

183 1375 229 1457 pi,
251 1373 289 1432 de
312 1372 413 1433 lexico
433 1371 609 1450 Byzantina
630 1371 746 1432 edendo
767 1374 929 1453 cogitasse,
950 1371 1011 1434 sed
1030 1374 1098 1434 nolo
1119 1375 1197 1434 viris
1217 1375 1279 1435 do.

185 1481 324 1541 ctissimis
338 1481 522 1540 occasionem
541 1481 618 1540 banc
632 1479 671 1540 dc
691 1501 724 1540 rc
740 1481 871 1563 publiea
885 1481 1039 1545 litteraria
1058 1481 1284 1544 benemerendi

183 1589 370 1672 praeripere,
412 1589 586 1667 glossarium
607 1589 662 1649 boc
682 1603 814 1650 nostrum
838 1588 866 1670 *J
896 1609 970 1652 mox
993 1603 1131 1676 sequetur
1149 1591 1281 1652 alteram

187 1701 221 1756 in
245 1697 434 1757 Constantini
454 1695 603 1756 Manassis
623 1695 778 1774 Annales,
798 1699 831 1758 in
863 1718 921 1782 quo
943 1699 1152 1760 conscribendo
1171 1697 1283 1760 eadem

187 1804 346 1885 diligentia
367 1825 432 1863 usus
452 1825 515 1863 sam
538 1825 598 1888 qna
624 1806 801 1867 incaeteris
827 1804 1052 1891 componendis.
1080 1805 1203 1868 interim
1223 1809 1282 1869 boc

190 1924 282 1989 utere,
305 1911 332 1971 si
353 1911 434 1973 tanti
456 1925 505 1988 est,
525 1925 555 1973 et
573 1913 657 1974 vale.

264 2092 286 2164 *)
307 2093 600 2146 GlossariiFabrotisnl
619 2111 680 2164 pars
693 2095 779 2146 maior
797 2093 957 2146 outDucrm
975 2102 1022 2147 rut
1031 2094 1179 2148 chronicon
1188 2095 1283 2149 Darae

262 2161 435 2214 subiunctum
454 2163 589 2228 illustrat;
624 2181 694 2235 quae
718 2183 790 2216 nunc
816 2181 877 2216 cum
898 2167 1016 2220 Leonico
1043 2167 1088 2218 edi
1108 2184 1163 2220 non
1178 2167 1282 2238 potuit.

263 2232 373 2286 laconici
392 2234 495 2304 glossae
514 2235 544 2287 in
561 2233 650 2288 indico
668 2235 798 2288 historico
818 2237 996 2306 reperientur.
1032 2239 1054 2290 1.
1073 2237 1102 2289 B.
