2696 4616
337 271 392 332 DE
422 271 554 335 REBUS
585 265 777 334 TURCiCiS
799 271 835 332 L.
852 271 904 332 tx.
1085 262 1155 333 511

47 445 129 487 τινα
154 421 255 486 αύτού
277 419 618 504 έποιήσαντομύχην,
648 417 783 500 perditi
813 416 1067 501 α’νατραπύμενοι
1099 413 1160 484 dud

49 526 160 605 μέρος
182 518 326 602 ἐχώρουν
339 521 393 582 tur·
403 519 438 580 τὸ
453 518 614 598 σώζεύθαι
637 517 731 582 edroi
744 517 936 602 ὦρμημένοι.
959 515 1024 582 ὅδὲ
1037 516 1161 598 taurii.

51 627 118 699 δας
142 643 178 684 τε
198 617 282 702 ἔχων
303 618 447 701 ἡμμένας
468 623 522 683 τοι·
543 615 647 704 πυρά,
669 621 725 682 κατ’
743 619 1000 699 συντεταγμένας
1020 617 1162 696 μάλιστα

51 723 114 786 καί
134 719 266 804 ἁθρόως
299 717 396 782 ἐπιών
419 719 462 804 τῷ
482 717 718 802 στρατεύματι,
742 711 870 802 ὥρμητο
891 719 950 798 μὲν
980 719 1088 798 πρῶτα
1109 713 1164 780 ἕπτ’

17 821 119 896 braic
130 819 289 902 βασιλέως
308 817 421 898 θύρας.
443 821 497 882 καί
516 815 772 900 ἀποτυγχάνουσι
788 819 848 896 μὲν
861 819 916 899 τῆς
936 819 994 880 τού
1005 817 1163 898 βασιλέως

52 923 177 1004 αύλῆς,
197 916 434 990 ἐπεισπεσόντες
456 921 491 981 δὲ
512 920 544 990 ἐς
566 914 622 990 uic
636 915 752 1001 σκηνὰς
774 919 837 980 τῶν
860 915 1027 1000 ἡγεμόνοιν,
1049 915 1108 976 τού
1128 935 1161 976 τε

53 1017 311 1102 Μαχουμούτεω
331 1020 385 1080 καί
405 1017 567 1097 Ἰσαύκετο,
593 1013 750 1098 ἐμάχοντο
770 1018 803 1091 ἐς
815 1020 915 1080 ταῦτα
930 1014 1083 1098 μεγάλως,
1106 1017 1162 1078 καὶ

52 1119 114 1194 τύς
137 1143 172 1184 τε
193 1114 354 1204 καμήλους
388 1117 539 1202 ἐφόνευον
563 1119 620 1180 καί
640 1111 788 1198 ἡμιόνους
820 1118 875 1179 καί
898 1113 1063 1198 ύποζύγια.
1106 1109 1162 1178 κατ’

55 1215 193 1302 α’θρύοος
221 1220 281 1299 μὲν
307 1221 363 1281 κατ’
389 1217 644 1298 συντεταγμένας
673 1217 779 1280 αύτιύν
807 1219 998 1296 μαχομένων
1014 1215 1108 1278 ούύέν
1128 1235 1161 1278 τι

7 1332 47 1386 10
58 1323 243 1402 α’πεγέγνετο
268 1313 286 1381 d
306 1341 336 1382 τι
358 1322 412 1382 κατ’
431 1307 521 1392 ύξιον
542 1315 658 1398 λύγου·
678 1316 708 1381 εἰ
728 1317 764 1380 δέ
787 1339 819 1379 τι
843 1339 903 1379 που
925 1315 1260 1398 οἶποσπασθεέη,Ρ.272

58 1417 179 1482 αύτίιια
200 1416 327 1482 ἔπιπτεν
347 1419 449 1482 αύτού
470 1413 530 1480 ύπύ
563 1419 628 1480 ταῖν
652 1413 815 1496 Τούριιοον.
858 1413 913 1478 κατ’
933 1411 963 1480 οἱ
985 1417 1059 1496 περὶ
1079 1417 1162 1480 Μα-

57 1517 245 1634 χουμούχην
281 1509 394 1598 ἄνδρες
425 1512 588 1598 γενόμενοι
617 1514 736 1598 ἀγαθοὶ
761 1512 914 1595 έμάχοντο
935 1507 1031 1591 ἀξίας
1054 1510 1161 1597 λόγου,

58 1620 153 1694 πεζοὶ
173 1613 323 1690 ἅπαντες.
366 1617 523 1698 ἀνέβησαν
545 1617 580 1679 δὲ
599 1615 656 1680 eat*
676 1616 729 1678 ε’πί
750 1611 827 1686 τούς
846 1607 971 1678 ἑαυτῶν
991 1611 1106 1688 ἵππους
1129 1611 1160 1678 oi

58 1719 118 1782 τού
139 1718 357 1797 στρατοπέδου
378 1715 496 1795 σχεδὸν
517 1707 663 1795 ἅπαντες,
685 1712 765 1797 πλὴν
781 1716 843 1778 τοῖν
861 1716 1017 1796 βασιλέως
1038 1714 1160 1796 θυρῶν.

7 1814 218 1896 15ἒμάχοντο
238 1819 297 1895 μὲν
312 1806 368 1879 σύν
387 1817 529 1878 ἐνταῦθα
545 1815 599 1879 ε’πί
620 1811 739 1896 συχνόν
757 1803 826 1878 τιύα
846 1814 983 1897 χρόνον·
1023 1809 1102 1891 μετὰ
1123 1813 1160 1876 dd

59 1919 299 2000 συστραφέντες
330 1910 467 2003 ἤλαυνον
503 1917 557 1979 tut
575 1913 632 1990 τὰς
660 1916 816 1995 βασιλέως
847 1911 968 1998 θύρας,
991 1913 1044 1976 κατ’
1063 1903 1161 1996 εύρον

58 2011 135 2088 τούς
155 2013 242 2098 α’μφί
262 2017 398 2094 βασιλέα
419 2011 507 2088 ε’κτὸς
529 2016 591 2079 τῶν
613 2019 724 2098 θυρῶν
757 2014 1062 2098 παρατεταγμένους.
1105 2013 1161 2076 κατ’

40 2111 169 2196 ,βραχύ
192 2111 237 2177 ἔτι
260 2114 402 2176 ἐνταῦθα
425 2110 645 2194 μαχεσάμενοι
673 2111 844 2195 ἐτράποντο
874 2115 929 2176 ε’πί
955 2111 1011 2196 τὴν
1037 2111 1159 2196 α’γορύν

59 2217 117 2278 τού
138 2216 363 2295 στρατοπέδου,
383 2213 439 2278 κατ’
459 2215 689 2295 διαρπάσαντες
710 2215 766 2294 τήν
785 2237 818 2277 τε
832 2211 961 2297 ύγορύν,
983 2217 1039 2280 κατ’
1059 2211 1093 2278 εἴ
1108 2217 1157 2288 τίς

9 2327 52 2380 20
63 2337 123 2378 που
147 2312 244 2400 ταύτῃ
265 2315 417 2394 ἐνίστατο,
440 2315 693 2398 διαφθείραντες,
715 2310 759 2389 uic
772 2313 862 2398 ε’γγύς
885 2305 992 2398 ἧκενῆ
1015 2312 1082 2396 ἠύς
1101 2315 1157 2378 κατ’
1163 2337 1184 2389 B

62 2417 238 2498 ε’πέφανεν,
267 2411 428 2495 ἀπεχώρει
455 2413 518 2476 ἀπὸ
549 2416 607 2476 τού
636 2417 866 2498 στρατοπέδου,
898 2411 1068 2495 α’ποβαλύν
1096 2414 1156 2494 μὲν

61 2511 179 2596 ταύτης
202 2515 258 2596 τῆς
278 2513 389 2587 νυκτὸς
411 2512 536 2596 σ’λύγους
557 2513 641 2578 πάνυ
662 2511 756 2588 τινας.
808 2516 862 2578 κατ’
883 2511 913 2578 οἱ
934 2507 995 2578 dno*
1019 2515 1076 2578 τού
1095 2515 1154 2596 βα-

131 2711 157 2764 6.
178 2711 208 2766 δέ
227 2729 269 2764 om
288 2714 307 2766 P
401 2717 426 2770 9.
446 2719 676 2788 συντεταγμένων
696 2715 715 2766 Ρ

62 2909 92 2959 in
110 2906 181 2974 regia
200 2913 285 2958 caetra
305 2908 392 2976 primo
417 2910 533 2960 occurrit
562 2909 694 2964 exercitur
727 2907 876 2970 Asiaticus,
905 2917 931 2960 et
949 2909 1081 2978 praelium
1098 2927 1155 2964 non

64 2976 206 3030 admodum
226 2977 335 3046 longum
355 2979 395 3032 ibt
414 2982 583 3032 commissum
601 2987 651 3032 eet.
687 2995 747 3030 nam
762 2981 853 3030 Auiani
872 2979 901 3030 in
919 2980 1008 3048 surgam
1029 2981 1153 3044 coniecti,

64 3049 191 3119 paulatim
211 3049 240 3100 in
259 3049 383 3102 cobortes
402 3051 575 3118 conglobati,
596 3049 769 3113 recedebant,
791 3059 822 3102 ut
839 3059 1016 3104 servarentur.
1056 3051 1155 3106 Bladue

65 3128 151 3172 autem
169 3119 272 3172 habena
297 3121 436 3192 lampadee
465 3121 588 3174 ardenter
611 3131 639 3173 et
661 3121 756 3188 ignee,
783 3122 887 3188 agmine
911 3123 1011 3190 stipato
1037 3139 1151 3191 pergens

65 3199 154 3242 contra
173 3193 241 3260 regie
269 3193 380 3261 copiae,
399 3194 485 3262 primo
515 3195 609 3244 ianuae
628 3193 697 3260 regie
726 3193 878 3244 affectabat.
923 3201 1058 3244 caeterum
1078 3193 1154 3245 Btadi

65 3263 162 3314 miiitea
181 3263 339 3316 aberrarunt
357 3279 373 3314 a
392 3265 529 3334 praetorio
553 3266 638 3331 regie,
659 3271 686 3314 et
704 3263 859 3314 inciderunt
878 3264 906 3314 in
925 3265 1043 3316 tentoria
1065 3266 1153 3330 regio·

66 3351 119 3384 rum
140 3333 245 3396 ducum,
261 3333 437 3388 Machameus
453 3344 481 3388 et
497 3335 593 3398 Ιεοεοίς
612 3343 641 3388 et
657 3333 696 3384 ibi
713 3335 819 3386 fortiter
831 3333 996 3404 pugnabant,
1014 3333 1153 3387 trucidan-

65 3413 104 3456 tee
122 3403 235 3456 murelos
254 3406 343 3458 mulae
361 3415 389 3460 et
409 3408 463 3458 aiia
482 3407 610 3458 iumenta.
647 3423 706 3456 oum
727 3413 818 3460 autem
841 3422 958 3475 pugnarn
985 3405 1106 3458 facerent
1124 3407 1152 3458 iu

67 3473 170 3526 ordiner
188 3476 298 3528 collecti
317 3485 345 3528 et
361 3478 513 3547 constipati,
532 3475 603 3530 nihil
621 3494 684 3530 eane
699 3487 848 3529 memoratu
863 3477 974 3544 dignum
990 3479 1061 3546 paeri
1082 3485 1153 3530 runt.

66 3562 152 3596 verum
171 3547 192 3596 ei
215 3548 262 3616 qui
283 3549 364 3616 paulo
383 3551 490 3616 longius
516 3548 549 3598 ab
570 3547 709 3602 ordinibus
731 3557 788 3600 erat
808 3549 904 3611 evecti,
926 3549 1062 3616 extemplo
1081 3550 1153 3600 Tur-

66 3633 152 3668 corum
171 3617 294 3670 manibus
313 3619 453 3672 cadebant.
490 3618 597 3688 peditee
615 3621 663 3689 qui
681 3619 753 3688 apud
773 3619 969 3670 Mecbumetem
988 3627 1073 3680 eruut,
1093 3637 1153 3672 curn

66 3697 151 3740 eruent
177 3689 227 3740 viri
257 3689 357 3752 sortes,
381 3691 586 3760 praeliabantur
613 3689 758 3742 admodum
780 3691 999 3742 memorabiliter.
1043 3690 1152 3743 tandem

66 3775 151 3810 omnen
170 3767 306 3830 quotquot
324 3770 398 3814 eraut
415 3762 449 3814 de
462 3763 580 3814 exercitu
596 3763 679 3827 regio,
698 3769 806 3830 praeter
819 3764 916 3812 ianuae
928 3761 1038 3822 militen,
1057 3779 1153 3814 arcen-

67 3829 159 3882 derunt
176 3832 204 3882 in
222 3848 315 3900 equos.
354 3835 484 3902 praelium
504 3851 536 3884 eo
556 3831 608 3884 loci
627 3831 674 3882 diu
695 3833 823 3884 fervebat.
859 3831 923 3884 binc
942 3835 1062 3884 conversi
1084 3833 1151 3886 Daci

66 3901 228 3954 maturabant
246 3903 298 3956 iter
316 3902 350 3956 od
370 3907 438 3972 regie
459 3907 598 3956 ianuarum
616 3903 726 3954 miiitee.
773 3919 831 3956 cum
851 3911 942 3954 autern
961 3904 1103 3956 inetruotoe
1123 3915 1152 3958 et

66 3981 171 4024 armatae
189 3974 360 4038 invenirent,
382 3977 456 4027 brevi
482 3984 603 4044 tempore
623 3983 786 4044 pugnarunt.
829 3972 929 4026 deinde
949 3975 1048 4026 omireo
1069 3993 1151 4044 prae-

66 4043 102 4094 lio
119 4051 255 4098 vertuntur
272 4048 301 4098 in
319 4047 407 4098 forum
428 4055 589 4112 caetroruruj
608 4045 682 4116 quod
700 4045 871 4114 diripientur,
889 4054 917 4098 et
936 4048 956 4096 ei
979 4063 1059 4116 quem
1080 4047 1150 4098 forte

68 4111 103 4166 ibi
120 4115 274 4172 inuenerant
292 4117 456 4183 occidentes,
475 4117 582 4172 tandem
596 4134 655 4170 oum
668 4133 764 4170 aurora
778 4117 1009 4188 appropinquaret
1027 4125 1055 4170 et
1074 4117 1150 4168 iuce-
