2754 4632
330 333 386 400 οο
416 337 544 400 uanus
572 337 762 404 auacrcrs
789 341 827 403 ο.
845 343 929 402 viu.
1091 324 1165 400 λοι

70 489 194 571 gosen,
211 482 330 572 όνόρός
362 484 417 551 τόν
435 483 550 571 τρόπον
568 486 628 551 ουίε
641 487 781 575 όγαθοό,
809 489 915 566 όεξιοό
934 489 971 552 dd
991 481 1095 564 όλλυς
1115 483 1172 550 παλ

73 591 316 673 καθηγουμένου
345 596 409 662 τοῖς
429 587 598 668 Ἀλβανοῖς
625 586 683 675 τὴν
705 587 853 675 όσήγτγσιν
872 588 989 672 ταότης
1009 591 1064 671 τῆς
1087 587 1201 658 ἀπο-υ

74 686 229 763 οτόσευς.
270 687 360 770 όνῆγε
380 689 415 752 di
437 689 630 766 ἐπικείμενος
661 683 741 752 ιόοτε
761 687 960 775 ἀφίστασθαι
982 686 1044 752 α’πό
1062 687 1170 772 Ἑλλή-

75 809 144 851 υοεν
165 785 221 850 κατ’
236 788 348 870 σφίσιν
369 783 507 868 ἡγεμόνα
539 783 669 852 ἑλέσθαι
703 783 740 852 όν
759 783 799 851 όν
819 787 914 851 ndens*
932 787 1074 854 ἕλωνται.
1117 783 1171 850 καὶ

43 881 223 972 ὀιόρμηντο
235 881 349 966 pieni:
369 881 576 970 ξυμβὴσοντις
589 895 653 962 τοῖς
666 885 805 970 ἡγεμόσι,
820 883 901 968 μετὰ
919 888 955 951 di
975 885 1171 968 όιικαλόθη.

74 1011 150 1056 σαν.
173 984 228 1050 καί
246 988 454 1050 ἐπεκαλοῦντο
467 987 527 1066 μὲν
541 985 596 1050 κατ’
607 981 760 1068 Ἑλλήνων
775 979 879 1052 όλλων
893 987 926 1061 ός
945 985 1004 1068 τὴν
1023 979 1171 1068 baimam

72 1089 205 1173 ταύτην,
231 1086 399 1169 όπιστότην
418 1080 577 1164 diensis-rac
596 1090 765 1169 γενέσθαι·
809 1087 1009 1160 τελευτῶντες
1023 1085 1059 1148 dd
1080 1082 1171 1169 ἒοτῆ-

75 1207 177 1252 σαυτο
198 1185 431 1267 Ἐμμανουῆλου
450 1186 507 1248 τοῦ
527 1187 835 1268 Καντακοοζηναίον
852 1189 961 1268 γίνοος
981 1181 1116 1266 ἡγεμόνα
1137 1205 1172 1247 τε

78 1289 193 1373 σφίσι,
220 1288 274 1348 κατ’
294 1285 333 1350 τό
358 1287 422 1350 τόν
446 1278 598 1368 Ἑλλήνων
619 1277 693 1366 ἦγον
713 1289 769 1348 sur*
783 1281 919 1368 ἔφερον,
940 1288 995 1348 καί
1014 1279 1172 1366 όποζόγια

29 1405 68 1456 10
78 1389 142 1468 μὲν
162 1384 218 1448 uui
237 1387 302 1462 ζόα
324 1379 384 1447 dou
412 1375 498 1465 εἶχον
517 1379 546 1448 oi
558 1379 721 1468 Ἓλληνες,
743 1385 901 1466 ἐληίζοντο
918 1380 1171 1466 στρατευόμενοι.

78 1487 146 1550 είσό
163 1485 197 1549 τό
218 1487 307 1567 γένος
324 1485 418 1547 τοῦτο
439 1483 573 1563 νομόόες
593 1479 740 1562 ἅπαντες,
759 1483 814 1546 καί
833 1483 960 1570 οόόαμῇ
982 1485 1075 1567 σφίσι
1094 1501 1173 1562 χρο-

78 1584 151 1648 νιάν
181 1581 236 1665 τόν
267 1579 434 1664 διατριβήν
460 1579 654 1662 πεισόμενοι.
708 1579 807 1670 ταύτῃ
833 1579 871 1664 δὴ
902 1580 1084 1664 ὁρμώμενοι
1109 1579 1271 1648 ruentum

79 1679 201 1748 πόλεοόν
220 1703 253 1746 τε
273 1676 381 1756 ἑστίας
402 1679 608 1766 ὑπηγάγοντο,
629 1681 684 1745 καί
703 1679 924 1756 ἐπελαύνοντες
945 1678 1001 1752 τός
1021 1679 1081 1758 μὲν
1096 1678 1171 1741 irco.

81 1781 227 1863 λιόρπουυ
250 1781 307 1856 τός
326 1781 363 1844 dd
383 1781 438 1844 ιιαό
450 1780 576 1866 όόῆουν.
619 1783 673 1846 καί
684 1779 759 1858 rods
778 1802 811 1846 τε
825 1773 975 1863 Ἓλληνας
995 1783 1030 1844 ἐν
1052 1779 1174 1860 α’νόρα-

32 1894 69 1946 15
80 1885 188 1947 πόόων
209 1880 289 1970 λόγῳ
320 1881 522 1966 ποιούμενοι,
543 1878 701 1962 ἔπρασσον
728 1883 761 1956 ἐς
780 1879 838 1954 πός
863 1881 972 1963 ’θόρας
999 1881 1055 1944 τοῦ
1081 1883 1174 1959 βασε-

79 1987 160 2056 λίως
182 1982 391 2063 ἐπιτραπῆναι
412 1981 505 2065 ορίσι
526 1979 584 2063 τόν
606 1977 858 2065 Πελοπόννησον,
879 1983 933 2044 ταί
944 1981 1174 2063 »ἐπηγγέλλοντο

78 2083 137 2144 καί
154 2079 287 2162 στρατόν
305 2077 360 2142 καί
377 2079 485 2153 πόλεις
503 2081 603 2144 αὑτοῦ
624 2082 659 2144 ἐν
681 2082 720 2166 τῇ
734 2077 978 2166 Πελοποννήσῳ,
1000 2081 1054 2141 καί
1073 2073 1176 2164 φόρον

77 2181 218 2244 ἐπέτειον
246 2175 345 2242 πολόν
375 2173 505 2260 όπόγειν
537 2177 580 2268 τῷ
609 2167 744 2261 Ιίλασιλειῖ.
795 2181 850 2244 arsi
880 2177 1102 2259 ξυνεβάλλοντο
1133 2176 1173 2260 δὴ

79 2279 188 2352 adroic
207 2275 264 2341 καί
282 2281 469 2362 Κεντρρίιον
482 2281 659 2362 Ζαχαρίας,
683 2275 699 2342 ό
720 2277 774 2361 τῆς
789 2278 938 2360 γυναικός
953 2274 1092 2361 α’όελφός
1117 2277 1177 2338 τοῦ

30 2379 238 2460 αθβαοιλόως
258 2373 407 2462 όόελφοῦ,
422 2379 477 2441 κατ’
493 2375 671 2460 Λουνόνης.
695 2375 750 2452 ode
765 2379 933 2461 καθείρξας
952 2377 998 2451 είς
1016 2375 1105 2439 πόλιν
1118 2397 1176 2436 τα-
1250 2423 1254 2444 ,

82 2479 237 2560 λουμένην
259 2477 462 2559 Χλουμεειήν
489 2476 524 2540 όν
544 2479 583 2563 τῇ
604 2473 773 2558 ότροπόλει
806 2478 851 2550 εἰς
873 2475 1021 2561 φυλακὴν
1040 2477 1176 2539 ἐποιεῖτο

81 2574 139 2640 καί
158 2575 191 2638 όν
213 2576 324 2649 πέδαις
344 2577 518 2659 συνετήρει.
561 2573 617 2638 τόν
643 2573 705 2658 γὰρ
727 2577 784 2658 τῆς
805 2571 924 2652 πόλεως
945 2567 1083 2660 ἄρχοντα
1104 2574 1174 2636 πεί.

158 2733 199 2810 λίλ
221 2756 325 2830 ἑστίας]
347 2759 425 2814 ἔστιν
439 2753 494 2818 de?

83 2925 223 2996 improbus
245 2931 273 2977 et
291 2937 386 2996 purum
407 2923 508 2978 dextris
534 2925 653 2980 moribus
670 2927 817 2997 praeditus.
854 2929 876 2980 is
898 2945 954 2981 non
974 2927 1173 2981 intermittebat

85 2995 120 3050 ad
140 2995 321 3048 deiectionem
341 2997 481 3066 impellere
502 2997 628 3050 Albanos.
675 2999 791 3051 instabat
805 3015 889 3069 usque
909 3007 938 3051 ut
956 3017 971 3050 a
989 2999 1099 3052 Graecis
1122 2999 1171 3050 de-

85 3069 245 3130 sciscerent,
269 3067 378 3138 sibique
401 3083 482 3137 quem
501 3071 645 3138 elegissent
662 3071 812 3140 principem
836 3079 966 3122 crearent.
1003 3073 1090 3140 primo
1110 3071 1174 3142 qui-

84 3139 146 3190 dem
166 3139 263 3192 Albani
282 3155 337 3190 rem
355 3137 512 3203 audiebant,
532 3143 607 3210 quasi
629 3142 676 3210 qui
696 3141 860 3192 vellentsuis
880 3141 1046 3212 principibus
1067 3142 1175 3193 obtem·
1201 3203 1203 3207 v

83 3225 196 3282 perure:
217 3209 312 3280 postea
332 3225 396 3264 vero
417 3213 520 3262 animos
538 3219 684 3275 mutarunt,
703 3229 761 3262 eum
784 3214 863 3264 etiarn
884 3213 931 3263 alii
951 3213 1060 3283 quidam
1077 3212 1175 3264 Graeci

85 3281 119 3331 ad
142 3279 253 3332 eandem
272 3297 327 3332 rem
347 3281 535 3351 capessendum
547 3283 665 3334 Albanos
684 3285 828 3335 incitarent
847 3283 998 3354 ducemque
1011 3284 1094 3335 creari
1117 3283 1176 3337 rel·
1234 3331 1235 3336 ,

85 3355 152 3404 lent.
190 3349 298 3403 tandem
328 3351 503 3404 Emanaelem
528 3363 622 3405 natura
641 3369 783 3422 exgenere
805 3353 1052 3406 Cantaeuzenorum
1081 3353 1177 3405 ducem

86 3423 264 3484 constituunt,
283 3437 379 3494 resque
398 3425 560 3476 Graecorum
582 3435 664 3492 agunt
683 3427 846 3494 feruntque;
866 3435 894 3477 et
912 3427 1015 3478 bellum
1037 3425 1177 3494 occipien-

85 3503 136 3556 tes,
156 3495 276 3545 iumenta
293 3511 446 3566 pecoraque
464 3511 534 3566 quae
553 3495 648 3546 Graeci
673 3495 811 3548 habebunt
834 3495 953 3565 diripere
973 3493 1044 3546 haud
1064 3494 1180 3546 abstite-

86 3571 159 3618 runt.
195 3565 294 3616 Albani
315 3573 405 3618 autem
433 3581 525 3618 omnes
550 3575 670 3636 pastores
702 3575 781 3630 sunt,
809 3567 952 3620 etantiibi
973 3567 1052 3618 certis
1070 3565 1179 3616 aedibus

86 3645 235 3688 morantur.
272 3635 336 3688 binc
353 3639 445 3706 itaque
466 3637 580 3708 proiecti
601 3638 706 3689 orbium
725 3637 818 3690 domos
837 3637 1022 3708 occupabant;
1044 3644 1071 3688 et
1087 3653 1180 3688 accur-

90 3715 180 3759 rentes
207 3707 334 3778 quasdam
364 3706 540 3770 obsidebant,
570 3709 697 3778 qrrasdnnr
720 3717 884 3779 expugnatas
909 3707 1083 3778 diripiebant.
1121 3723 1183 3760 cum

87 3779 206 3831 Graecos
227 3779 421 3848 mancipiorum
442 3777 501 3830 loco
520 3779 650 3832 ducerent
668 3789 696 3832 et
714 3781 868 3851 planissime
887 3787 1099 3842 contemnerent,
1116 3779 1182 3830 scri·

85 3859 201 3920 paenrnt
220 3849 253 3900 ad
276 3851 370 3900 ianuas
391 3849 478 3916 regis,
498 3851 686 3920 promittentes
714 3851 795 3903 urbes
814 3859 843 3902 et
860 3851 992 3902 exercitus
1011 3851 1183 3920 Peloponne-

88 3921 174 3972 siacos
195 3921 224 3971 in
246 3921 313 3989 regis
332 3927 467 3990 potestate
488 3919 555 3984 fore,
573 3921 594 3971 si
614 3923 681 3992 ipsis
698 3923 917 3994 Peloponnesum
937 3919 1100 3974 tradidisset.
1119 3919 1183 3992 pol·

88 3991 244 4046 licebantur
268 4009 296 4043 se
323 3992 469 4062 quotannis
495 3992 627 4044 tributum
658 4009 783 4063 nrngnum
813 3993 868 4062 regi
889 4009 1028 4064 pensuros.
1065 3991 1184 4046 Albnnos

89 4063 251 4115 adiutubant
270 4061 414 4116 centurion
435 4059 594 4126 Zacharias,
627 4065 710 4117 frater
737 4063 858 4117 mulieris
884 4065 940 4116 eius
965 4081 1045 4136 quam
1072 4064 1186 4116 duxerat

91 4135 159 4203 regis
179 4135 271 4197 frater,
291 4143 319 4186 et
337 4135 466 4186 Lucanes.
504 4132 554 4186 bos
573 4133 703 4188 adductos
723 4137 752 4189 in
766 4135 860 4188 urbem
876 4135 1056 4188 Chiumetiarn
1076 4137 1105 4187 in
1126 4149 1186 4186 car-

91 4221 190 4270 cerem,
211 4205 258 4276 qui
277 4207 304 4256 in
320 4221 380 4257 arce
399 4213 465 4270 erat,
482 4205 588 4258 vinctos
600 4209 726 4261 coniecit.
765 4207 863 4261 Albani
885 4209 1002 4262 civitatis
1020 4207 1186 4278 praefectum

992 4279 1002 4305 Ι
