2704 4624
359 325 413 386 nt
443 323 572 386 REBUS
601 319 791 386 TURClClS
823 323 859 384 L.
880 325 920 385 ll.
1096 323 1162 387 tol

78 478 170 541 ἰδεῖν.
214 471 271 536 κατ’
291 471 352 536 sind
377 469 579 557 Ἀμοιιράτεσο
598 475 707 554 μέντοι
729 473 762 537 ἐν
783 475 822 559 τῇ
846 473 1032 560 Μακεδονίρι
1054 467 1075 558 ἢ
1096 478 1169 557 περὶ

81 577 214 658 Θέρμην
239 569 297 636 κατ’
323 574 357 637 ἐν
383 575 422 660 τῇ
446 570 532 654 παρῶ
565 571 670 649 Ἀξιὸν
690 571 831 653 ποταμὸν
858 568 949 661 χῶρρ
970 573 1167 661 κατῴκισται,

80 671 252 756 ἀγαγόντος
270 675 352 754 μέγα
371 695 403 737 τι
431 675 553 756 πλῆθος
577 667 724 754 Τοδριιων
749 695 784 735 τε
805 673 838 748 ἐς
865 677 973 738 τοῦτον
991 669 1047 736 τὸν
1064 677 1169 756 χῶρον

81 773 138 836 καὶ
158 775 400 848 κατοικίσαντας.
451 775 507 836 καί
525 770 561 834 τὰ
590 771 647 854 τῆς
665 775 814 855 Ζαχορῶς
833 773 927 837 πιλδον
949 767 1032 836 oiim
1056 772 1170 836 καλού-

58 890 179 951 5μενον
199 867 264 934 simi
287 868 488 954 Ἀμοορδτεα
510 872 698 960 κατρικιλνθρ,
719 869 775 935 καί
787 871 807 954 ἢ
824 869 1084 946 Φιλιπποπόλεοος
1103 869 1247 954 zoi-Phe

80 995 135 1054 ρα.
178 965 200 1053 ἡ
219 973 329 1050 μέντοι
359 967 560 1056 Χερρόνησος
584 969 605 1052 ἢ
629 971 664 1033 ἓν
684 971 729 1058 τῷ
753 967 965 1060 Ἓλλησπόντιρ
986 968 1040 1034 καὶ
1059 972 1170 1054 πρότε·

83 1091 144 1154 ρον
162 1068 225 1133 sind
249 1068 473 1150 Σοολαῖμῶνεω
495 1072 676 1158 κατῳκίσθη
689 1073 747 1133 τοῦ
767 1071 917 1156 α’δελφοῦ.
961 1071 1114 1137 Θετταλία
1136 1075 1172 1136 di
1197 1095 1201 1110 ·

83 1168 180 1253 καὶῆ
201 1167 334 1252 περὶτὰ
354 1172 474 1234 Σκοπιά
492 1168 585 1254 χῶρα
604 1169 660 1234 καὶ
681 1165 701 1254 ἢ
725 1173 907 1255 Τριβαλλῶν
928 1168 992 1235 aino*
1016 1175 1172 1236 Φιλιππο·

83 1271 206 1344 πόλεως
230 1265 297 1333 ἔστι
330 1271 385 1335 tna*
405 1263 591 1350 τῶνΑἷμον
616 1271 671 1334 καί
691 1267 750 1353 τὴν
770 1271 892 1356 Σοφίαν
913 1265 997 1335 οδτιο
1016 1275 1171 1351 καλοαμὲ.

44 1381 142 1452 λθνην
162 1367 288 1452 κῶμην,
312 1364 500 1453 Παιαζὴτης
520 1367 538 1432 δ
563 1367 765 1454 Ἀμοιιρῶτεω
789 1373 968 1446 κατοικίσας
988 1368 1044 1455 τήν
1063 1394 1096 1435 τε
1117 1371 1172 1438 ’ll-

86 1470 205 1551 λυριῶν
223 1464 279 1531 καὶ
294 1469 478 1550 Τριβαλλῶν
492 1469 634 1552 ἐληίζετο
650 1463 770 1552 χῶραν.
812 1467 991 1534 ἐπιδιδόασι
1007 1473 1066 1550 μὲν
1086 1461 1171 1534 οὗτοι
1181 1481 1257 1534 vm

86 1567 116 1630 oi
137 1570 242 1650 χοῖροι
262 1565 337 1650 πρὸς
351 1587 387 1648 χε
409 1564 582 1648 πολεμίων,
603 1565 658 1632 κατ’
677 1563 810 1652 ὕστερον
827 1565 908 1647 μενῶ
933 1571 1035 1634 ταῦτα
1055 1565 1179 1654 ἑτέρων·

85 1669 122 1732 ἐκ
140 1671 200 1732 ταῶ
219 1668 319 1755 ταύτῃ
338 1664 545 1750 δπιρρεόντοον
565 1666 675 1752 αὐτοῦ,
694 1657 796 1752 ῶνπερ
818 1663 1083 1733 trinomium
1105 1670 1172 1732 ἐπι.

83 1769 216 1851 τηδεδως
237 1771 348 1855 σφίσιν
378 1764 465 1849 ἔχειν
482 1763 540 1851 τῆν
562 1767 673 1852 χῶραν
701 1765 780 1853 πρός
800 1791 836 1832 τε
858 1765 1043 1853 ἀνδράποδα
1067 1771 1122 1832 κατ’
1140 1773 1173 1846 ἐς

46 1865 141 1952 recte
161 1860 260 1950 ῶλλην
283 1865 395 1932 οιλσιάν
421 1863 478 1950 τὴν
500 1861 564 1928 aiud
584 1867 646 1930 τῶν
667 1865 915 1950 aemulemur*
936 1861 997 1954 inp
1019 1861 1060 1932 δν
1077 1866 1174 1950 μα’λι-

84 1991 146 2032 στα
164 1963 213 2050 μὴ
236 1963 398 2054 α’νιικόπτῃ
412 1963 476 2029 sini
503 1967 567 2030 τῶν
596 1969 763 2046 πολεμίων.
806 1965 997 2053 Παιαζήτης
1019 1969 1056 2032 δὲ
1078 1965 1120 2042 ῶς
1141 1969 1202 2045 tra

82 2063 143 2150 τὴν
172 2061 282 2130 Ἀσίαν
315 2062 431 2146 διαβὰς
467 2061 522 2128 ent
543 2061 705 2148 Ἔρτζικῶν
735 2069 909 2149 πολιορκῶν
939 2063 1173 2151 παρεστήσατο,

83 2161 208 2248 προϊῶν
229 2162 413 2248 Μελιτηνὴν
436 2163 497 2248 τὴν
523 2162 578 2230 e’ni
606 2167 650 2251 τρῑ
677 2163 832 2254 Εδφριέτρ
861 2165 1034 2251 ἐπολιόρκει
1054 2189 1089 2233 τε
1121 2172 1176 2234 καί

83 2265 263 2349 προσέβαλε
283 2261 429 2348 μηχανὰς
455 2267 604 2340 παντοίας
624 2265 791 2349 προσάγων
817 2261 860 2355 ’τῷ
886 2269 994 2350 τειχει.
1048 2269 1103 2332 καί
1122 2265 1177 2332 ini

42 2385 75 2438 2⁰
81 2361 202 2448 χρόνον
220 2365 280 2446 μὲν
299 2364 447 2450 ἀντεῖχε,
472 2360 552 2446 μετὰ
577 2368 613 2432 δὲ
639 2367 738 2430 sarira
758 2365 982 2451 προσεχῶρηοε
1000 2371 1074 2434 καθ’
1096 2367 1173 2450 δμο-

83 2467 205 2548 τηατ.

156 2603 187 2726 pe.
204 2601 219 2668 ἢ
237 2605 314 2692 ιπερὶ
339 2603 451 2676 Θέρμην
467 2607 515 2658 καλ
541 2604 556 2672 ἡ
581 2597 709 2678 παρᾶΗ
800 2605 842 2658 17.
860 2603 980 2670 irreifl,
1006 2605 1102 2658 omisso
1124 2621 1172 2656 an·
1278 2647 1286 2662 .

189 2691 264 2734 τως

86 2793 172 2848 stetui
196 2793 316 2864 aliquem
343 2794 544 2848 innovationem
571 2795 748 2859 inducerent,
766 2811 859 2848 onmes
878 2793 1096 2866 comprehensos,
1112 2812 1171 2848 cnm

85 2869 114 2918 in
137 2881 222 2916 unum
239 2866 437 2928 convenissent,
456 2866 635 2918 obtruncavit.
670 2869 751 2918 etiam
777 2865 859 2918 hodie
879 2865 1036 2934 Scytharum
1050 2883 1171 2934 magnam

86 2937 194 3006 copiam
213 2934 335 3006 undique
358 2951 406 3004 per
426 2936 556 3006 Europam
581 2939 739 2990 morantium
769 2937 859 2989 videre
879 2946 929 3000 est,
946 2955 1015 3008 quos
1033 2936 1110 2990 seder
1129 2955 1171 2988 ca·

86 3025 153 3078 pere
174 3008 204 3058 in
220 3005 377 3058 Macedonia
398 3007 530 3058 Thermae
555 3017 583 3060 et
603 3011 668 3060 urio
695 3008 798 3060 flumini
829 3008 941 3060 finitima
959 3009 1099 3060 Amaratea
1116 3009 1172 3060 ius·

88 3081 132 3132 eit
170 3079 217 3148 qui
237 3077 340 3128 Turcoe
358 3095 465 3148 quoque
485 3079 615 3148 plurimos
636 3081 662 3130 iu
682 3081 759 3130 istam
771 3079 906 3146 regionem
926 3079 1042 3143 induxit,
1062 3089 1093 3131 ut
1113 3097 1170 3130 eam

87 3149 251 3202 incolerent.
295 3165 402 3216 campus
432 3151 528 3216 Zagore
560 3159 729 3220 nuncupatus
760 3150 871 3200 iubente
896 3151 1022 3202 Amarate
1054 3149 1170 3203 habitari

87 3227 201 3292 coeptus
228 3227 277 3270 eet.
321 3221 400 3270 etiam
426 3219 622 3292 Philippopolis
643 3222 715 3288 regio
733 3219 767 3271 ah
786 3221 910 3274 hmrrrate
928 3223 1040 3274 colonos
1058 3225 1169 3292 accepit.

87 3303 116 3344 at
136 3293 319 3342 Chersonesus
346 3289 517 3359 Hellesponti
547 3295 597 3343 iam
627 3301 690 3344 ante
720 3291 754 3342 eb
775 3293 930 3344 Suleimauo
958 3293 1040 3346 fratre
1061 3293 1171 3346 colonos

85 3363 183 3414 sortita
202 3369 250 3412 est.
288 3359 429 3412 Thessalia
447 3371 475 3414 et
488 3363 655 3432 Scopiorum‚
675 3379 797 3414 necnon
816 3361 998 3414 Triballorum
1018 3365 1101 3431 regio,
1119 3383 1172 3434 qun

86 3453 102 3485 a
121 3431 310 3553 Philippopoli
338 3449 421 3502 usque
450 3433 478 3484 iu
497 3434 628 3485 Haemum
651 3441 678 3485 et
698 3433 825 3503 Sophiam
852 3435 940 3486 isthoc
958 3435 1066 3486 nomine
1085 3435 1172 3486 vicum

86 3513 173 3575 patet,
195 3519 209 3552 a
249 3503 382 3554 hmuratie
401 3501 457 3553 lilio
473 3505 588 3556 Paiazite
609 3504 719 3558 colonos
750 3514 827 3556 nacta
848 3513 901 3570 est;
922 3505 968 3574 qui
989 3503 1088 3556 deinde
1106 3506 1172 3572 llly-

86 3579 189 3628 riorum
219 3581 248 3626 et
265 3573 447 3626 Triballorum
474 3576 610 3642 regionem
634 3575 764 3627 vastabat.
811 3575 877 3626 haec
895 3577 955 3629 loce
974 3576 1062 3626 orunia
1081 3575 1174 3628 admo-

84 3647 151 3698 dnm
169 3653 324 3715 opportuna
343 3645 417 3695 luere
434 3643 467 3696 ad
484 3645 632 3698 domandos
659 3645 756 3698 hostes.
791 3656 887 3718 postea
907 3645 998 3698 etalii
1017 3647 1124 3718 plurimi
1144 3648 1172 3698 iu

86 3717 156 3769 hanc
175 3717 312 3784 regionem
334 3715 527 3780 confluxerunt,
545 3735 604 3769 cum
623 3719 789 3786 accepissent
798 3737 855 3769 enm
875 3715 1017 3768 admodum
1036 3734 1092 3768 esre
1111 3716 1171 3768 ido-

86 3807 165 3840 neam
188 3783 352 3856 recipiendis
370 3787 511 3856 mancipiis
530 3797 558 3840 et
575 3789 636 3840 aliis
648 3807 717 3858 quae
738 3788 809 3842 horti
829 3790 1013 3850 extorsissent,
1032 3805 1115 3858 seque
1134 3787 1172 3838 ibi

87 3859 239 3912 tutissimos
259 3859 316 3909 lore
334 3865 409 3908 certo
427 3859 550 3915 scientes.
597 3861 725 3911 Paiazites
744 3862 772 3911 in
793 3861 880 3910 Asiam
901 3868 1067 3912 transvectus
1088 3859 1173 3912 Ertzi-

86 3947 145 3982 carn
167 3927 262 3982 urhem
291 3931 475 3998 oppugnavit,
500 3939 528 3982 et
556 3949 572 3982 o
593 3938 736 4000 pugnatam
768 3949 831 3981 suae
856 3929 972 3981 dicionis
1000 3929 1070 3982 iecit.
1111 3929 1174 3980 hinc

88 4017 245 4072 progressus
271 3997 415 4052 Metiuaen
445 3999 538 4052 urbem
567 3949 696 4071 Euphrati
720 4003 872 4074 impositam
901 4001 974 4052 omni
992 4001 1174 4054 machinosum

89 4089 187 4139 genere
207 4073 319 4123 arietare
345 4085 482 4140 aggressus
509 4079 565 4124 est:
586 4081 615 4123 at
633 4072 765 4126 machinis
790 4073 826 4124 ali
848 4071 987 4124 uantulum
1010 4073 1114 4124 fortiter
1133 4089 1174 4121 re-

92 4145 169 4196 stitit.
209 4160 268 4194 cum
285 4150 374 4193 autern
402 4143 604 4211 oppugnatione
622 4143 662 4194 nti
689 4145 766 4198 nullo
788 4093 867 4196 mollo
891 4144 1080 4196 intermitteret
1098 4141 1174 4194 Paia-

92 4215 165 4274 rites.
184 4213 359 4286 pactionibus
379 4213 406 4265 in
427 4213 506 4267 fidem
526 4223 630 4284 recepta
649 4221 696 4266 est.
