2754 4632
233 265 307 343 416
471 279 637 388 sniumei
669 281 1054 350 cusccoconmmsn

234 428 385 518 dolorosae
407 431 493 518 παρὰ
513 436 668 520 βασιλέα,
700 431 754 498 καί
773 431 885 518 χώραν
906 433 1122 518 παρεχομένου
1144 430 1206 496 τού
1227 433 1320 512 βασι-

234 535 313 607 λέως
331 529 441 616 όνανὴν
462 532 520 617 τὴν
541 534 670 599 δίαιταν
688 530 857 600 όποιούντο.
898 532 1047 616 βασιλεύς
1066 535 1125 614 μὲν
1139 523 1197 595 οόν
1219 528 1321 618 τούτρ

235 631 385 715 όπόγοντι
416 633 517 717 φόρον
547 628 671 717 ἱκανόν,
700 635 732 709 ές
763 633 951 714 δισμυρίους
980 630 1116 714 χρυσίον
1150 631 1320 713 στατῆρας,

158 739 227 796 1456
235 730 371 806 σπονδός
391 753 424 795 τε
447 729 636 816 έποιὴσατσ,
658 736 713 797 καί
734 733 766 806 ές
788 730 823 795 τό
845 729 935 796 ἐπιόν
956 729 1025 806 ἔτος
1046 729 1252 812 ἐστρατεύετο
1273 731 1321 792 ε’πί

235 825 472 914 Μπελογρόδην
498 827 554 914 τὴν
579 828 668 895 πόλιν
688 829 850 896 Παιόνων.
891 825 974 912 αύτη
995 827 1071 912 δὲὴ
1096 825 1186 902 πόλις
1206 829 1338 914 unstrot

202 927 279 1002 noir
297 922 453 1012 πρότερόν
466 950 522 1008 μοι
535 931 709 1010 δεδήλωται
731 930 785 992 ἐπί
806 924 1015 1011 Ἀμσνρότεω,
1036 923 1123 1006 παρὰ
1139 917 1319 1010 τόνἼστροι

236 1028 295 1113 ἀφ’
317 1021 388 1102 ἑνός
408 1025 551 1110 πλαγίου,
576 1026 637 1091 οίπό
660 1030 695 1093 δὲ
717 1025 825 1110 ἑτέρον
855 1028 1049 1113 ἐπιρρέοντος
1071 1023 1163 1108 Σόβα
1186 1028 1247 1089 τοῦ
1268 1048 1318 1089 πο-

234 1132 340 1209 ταμού
364 1130 420 1191 ναί
447 1127 623 1203 ἐνδιδόντος
651 1130 683 1202 ός
709 1127 765 1190 τόν
786 1121 910 1211 Ἴστρον
938 1128 1138 1212 όμφίρρυτος
1168 1123 1318 1208 γίνεταιὴ

200 1241 205 1248 ’
235 1226 325 1304 πόλις
346 1223 467 1313 οἷμφοῑν
488 1235 554 1292 τοῖν
574 1234 727 1302 ποταμοῖν
754 1223 1002 1310 παραρρεόντων.

314 1329 384 1394 Ἐπί
402 1325 521 1413 ταύτην
541 1329 577 1392 δὲ
598 1324 905 1411 τὴνΜπελογρόδην
926 1323 1130 1408 ἐστρατεύετο
1150 1327 1352 1411 Μεχμότὴςλύ

234 1425 251 1491 δ
274 1423 488 1512 Ἀμονρότεω,
509 1425 562 1490 καί
582 1427 732 1510 πρότερον
747 1425 800 1489 ε’πί
818 1419 989 1507 Ἰλλυριούς
1009 1424 1230 1507 στρατεύματα
1252 1425 1316 1487 έπι.

234 1530 363 1610 πέμψας
383 1525 557 1610 ἡγουμένου
581 1527 720 1608 Θερίςεω
742 1522 797 1588 ναί
817 1523 929 1591 Ἂλίεω
951 1527 1009 1590 τού
1030 1524 1200 1606 Μιχόλεω.
1244 1521 1316 1606 πρός

235 1627 271 1690 δὲ
306 1627 358 1690 καί
387 1627 420 1690 όν
453 1627 492 1711 τῇ
516 1623 611 1711 Ἀσίᾳ
637 1625 772 1708 συνῆπτο
804 1622 893 1710 αύτῷ
923 1621 1055 1712 πόλεμος
1085 1619 1165 1702 πρός
1185 1624 1314 1702 βασιλέα

235 1725 395 1806 Κολχίδος
414 1726 469 1808 τῆς
495 1725 737 1807 Τραπεζοῦντος.
786 1719 842 1786 καί
859 1717 998 1804 τριὴρεις
1020 1721 1203 1803 ἐπιπέμψας
1226 1719 1314 1802 όδὴου

234 1843 268 1888 τε
288 1820 344 1906 τὴν
368 1822 523 1904 Κολχίδα,
546 1823 601 1885 καί
622 1815 760 1905 ἤπειρον,
781 1819 858 1886 κατὰ
878 1820 1050 1901 θάλατταν,
1071 1817 1245 1902 ἡγουμένου
1265 1818 1350 1882 soriti

139 1918 394 2006 λλλλλΧητύρεω
417 1925 475 1986 τού
507 1925 562 2004 τῆς
580 1921 736 2002 Ἀμασίας
766 1915 923 2003 όπόρχοα.
974 1915 1016 1994 τός
1035 1920 1094 2002 μὲν
1123 1911 1183 1982 σύν
1201 1917 1315 2001 νὴροιια

161 2095 172 2116 Ι
234 2016 353 2100 ἔπεμπε
383 2022 640 2103 περιαγγέλλουτα
669 2025 813 2102 παρεῖναι
852 2016 1006 2106 αύτῷλτό
1035 2014 1260 2100 στρατεύματα
1288 2018 1317 2090 ἒς

232 2117 502 2202 Ἀδριανούπολιν,
524 2113 681 2198 ἐξελαύνει
703 2117 799 2193 αύτός
819 2115 903 2200 ἔχων
922 2116 979 2192 τός
992 2141 1026 2182 τε
1046 2117 1152 2201 θύρας
1174 2119 1230 2182 καί
1248 2115 1318 2188 τούς

234 2219 396 2303 νεήλυδας,
415 2223 470 2286 καί
490 2217 609 2302 χαλκόν
630 2222 689 2299 μὲν
708 2215 793 2300 παρό
815 2217 887 2292 τοός
901 2216 1088 2302 τηλεβόλους
1106 2215 1243 2297 ἔμπλεον
1264 2239 1318 2300 ωε·

236 2319 365 2400 ρόμενος
385 2317 438 2384 διό
459 2341 493 2382 τε
514 2321 596 2404 νηῶν
618 2319 702 2405 αύτῷ
722 2319 776 2380 καί
797 2315 943 2400 καμήλων
963 2310 1079 2396 ἤλαυνε
1097 2313 1151 2381 διό
1172 2319 1229 2398 τῆς
1247 2320 1360 2396 Tot-oo

234 2423 360 2500 βαλλῶν
378 2419 497 2504 χώρας.
546 2421 599 2482 καί
620 2419 733 2496 ἐξένιζε
764 2411 858 2497 μένό
887 2420 941 2498 τῆς
963 2417 1175 2500 Σπενδερόβὴς
1198 2414 1321 2498 ἡγεμών

235 2516 289 2584 τόν
311 2541 344 2582 τε
365 2521 498 2601 βασιλέα
534 2513 589 2581 ναί
619 2513 693 2590 νοός
713 2512 887 2600 ἡγεμόνας,
912 2518 999 2600 δῶρα
1021 2521 1152 2600 πέμπων
1171 2513 1216 2592 σός
1233 2521 1320 2600 μέγι-

306 2694 347 2748 15.
368 2695 427 2749 κατ’
444 2692 578 2766 insopor?

237 2869 372 2934 poterant,
391 2877 489 2915 venere
509 2861 543 2915 ad
562 2877 663 2931 regsm3
687 2863 734 2936 qui
757 2861 875 2916 cumbis
896 2863 1029 2932 regionem
1048 2863 1203 2930 assignaret,
1222 2865 1316 2917 sactu·

238 2941 329 2988 estut
347 2934 448 2986 victum
469 2935 687 2988 nanciscerentur
706 2933 886 2986 sufficientem.
923 2951 975 3003 pax
988 2942 1077 2988 autern
1090 2949 1150 2985 cum
1169 2951 1203 2986 eo
1223 2953 1319 2987 convc-

236 3013 316 3056 nerat
332 3012 364 3058 ut
381 3007 525 3076 quotannis
553 3005 683 3057 tributum
701 3005 843 3057 maximum
864 3006 966 3069 ferret,
989 3005 1118 3058 videlicet
1132 3006 1230 3073 viginti
1250 3008 1318 3058 milia

237 3083 366 3128 staterum
388 3077 455 3127 auri.
493 3092 525 3127 eo
544 3091 614 3128 anuo
635 3077 864 3146 quisequebatur,
881 3076 1082 3146 expeditionem
1095 3085 1189 3128 contra
1212 3078 1318 3146 Belgra-

237 3145 301 3198 dum
320 3147 413 3197 urbem
431 3145 583 3200 Pannoniae
598 3147 724 3216 suscepit.
762 3147 822 3198 urbs
844 3148 920 3212 haec,
938 3146 1164 3216 quemadmodum
1182 3146 1320 3200 docuimus

237 3233 296 3268 cum
315 3217 489 3270 scriberemus
510 3217 543 3268 ds
558 3220 691 3282 Amorne,
713 3217 745 3268 ab
763 3233 817 3268 uno
838 3217 922 3268 latare
936 3219 1010 3269 iuxta
1029 3218 1126 3270 Istrum
1145 3218 1198 3270 rita
1215 3229 1267 3284 est,
1288 3220 1320 3270 ab

236 3289 321 3340 δελετε
340 3289 426 3341 alteru
451 3287 563 3340 alluitur
582 3291 658 3352 Savo,
697 3291 724 3340 ui
752 3305 781 3340 ss
810 3289 839 3340 in
856 3290 952 3340 latrum
980 3287 1107 3356 effundit;
1142 3288 1177 3341 ab
1204 3298 1321 3362 utroque

236 3359 426 3412 circumlinitur
442 3377 474 3413 aa
500 3359 573 3423 urbs,
591 3361 612 3411 si
631 3305 740 3430 quillsm
760 3357 838 3411 ambo
856 3368 963 3430 praeter
981 3377 1040 3412 εντα
1058 3361 1197 3412 labuntur.

306 3449 405 3502 Contra
432 3447 501 3500 hono
528 3449 674 3499 exercitum
700 3447 778 3499 duxit
800 3448 963 3500 Mechmetes
982 3451 1113 3501 timoratis
1134 3449 1223 3502 filius:
1246 3451 1321 3519 prius

235 3526 323 3572 tamen
342 3534 402 3571 oum
422 3527 497 3589 parts
515 3519 649 3588 copiarum
667 3518 874 3586 contralllyrios
884 3519 923 3570 ire
935 3519 1164 3572 iussit'lhsrizem
1175 3529 1203 3572 et
1214 3521 1320 3572 Haliem

235 3589 375 3643 Michaelis
398 3587 496 3642 lilium.¹
530 3598 668 3660 praetcrea
688 3589 780 3642 eodem
802 3597 922 3659 tempore
940 3590 1042 3642 bellum
1066 3593 1091 3660 ei
1112 3599 1168 3643 erat
1186 3609 1245 3642 cum
1258 3592 1320 3642 Col-

237 3660 320 3730 chidis
340 3679 410 3732 rege,
429 3664 475 3732 qui
496 3670 619 3730 praeerat
642 3661 815 3731 Trapezunti
833 3663 942 3714 mittens
962 3662 1043 3729 igitur
1060 3660 1189 3724 triremes,
1208 3679 1320 3732 quarum

236 3729 291 3784 dus
312 3743 370 3785 erat
390 3733 517 3802 Chetyres
536 3733 659 3784 Amasias
678 3731 839 3802 praelectus,
857 3731 1014 3784 Colchidsm
1034 3742 1062 3785 et
1074 3735 1233 3785 maritimam
1253 3735 1318 3785 Col-

235 3801 321 3854 chidis
340 3805 473 3871 regionem
492 3803 637 3856 evastabnt.
676 3803 721 3854 ubi
740 3803 822 3871 igitur
839 3819 905 3853 voce
923 3805 1069 3872 praeconis,
1088 3821 1169 3874 quem
1187 3821 1236 3875 per
1258 3805 1318 3855 uni-

234 3889 338 3923 versum
357 3891 466 3942 regnum
485 3877 599 3936 miserat,
620 3875 752 3926 exercitus
769 3874 832 3925 suoi
846 3872 1048 3944 adrianopolim
1068 3877 1176 3938 excivit,
1195 3877 1223 3926 in
1244 3875 1318 3926 mili-

235 3943 302 3996 tiam
322 3945 458 4012 proiectus
476 3953 517 3996 est
535 3947 601 4014 ipse,
621 3943 720 3998 ducens
738 3947 835 3996 ianuae
863 3945 962 3996 milites
983 3954 1011 3997 et
1029 3947 1203 4016 peregrinos3
1221 3955 1249 3998 et
1270 3963 1318 3997 na-

235 4011 315 4062 vibus
335 4013 502 4067 subrehebat
521 4016 682 4085 sumetisque
704 4015 830 4085 portabat
848 4015 917 4066 seris
934 4017 1080 4084 plurimum
1104 4015 1138 4068 ad
1159 4016 1315 4069 bombardae

235 4081 394 4146 tundendas,
415 4085 521 4154 iterque
539 4085 604 4136 fecit
623 4103 672 4154 per
681 4086 861 4138 Tribnllorum
884 4087 1028 4152 regionem.
1065 4087 1250 4142 Triballorum
1265 4089 1315 4139 dua

235 4151 406 4222 hospitaliter
425 4162 452 4208 st
467 4155 584 4226 benigne
602 4173 690 4225 regem
709 4165 736 4210 et
754 4155 836 4210 (luces
852 4159 985 4223 tractavit,
1001 4158 1135 4212 mittendo
1153 4159 1186 4212 ila
1206 4174 1314 4212 munera
