2696 4616
186 203 259 280 506
430 213 597 280 uaourcr
627 211 1012 280 cuamocouuuun

184 367 295 446 θοντο,
322 363 380 440 τός
410 367 469 443 μὲν
490 366 523 438 ἐς
550 361 586 428 τό
610 353 683 444 ὄρος
704 357 740 426 τό
765 360 955 444 Πρόσοβον,
975 358 1032 434 τός
1056 360 1092 423 δὲ
1115 359 1150 435 λς
1169 358 1291 438 πολίχ-

184 485 303 546 νην..
329 453 512 542 .τσόνομα,
534 465 569 536 ές
600 458 640 543 ἣν
674 461 778 548 κέκλη
801 458 934 542 περιιολν
959 459 1098 543 όνττὴρει
1125 461 1183 521 κατ’
1208 457 1291 539 e'rpu'·

186 567 293 642 λαττε,
312 562 367 625 καί
383 559 418 624 τδ
440 563 510 636 ἕλος
536 559 736 644 ἐχυρώτατον
757 563 909 642 ἐποιεῖτο,
930 557 986 623 καί
1005 561 1040 624 έν
1061 557 1214 640 οἶσφιιλεῖ
1230 579 1291 616 αα-

185 663 313 745 θίστησι
333 661 484 740 μάλιστα.
525 659 583 735 τὰς
604 663 632 724 d’
653 653 698 723 αδ
718 659 773 724 ταί
792 661 825 734 ές
846 659 923 734 τούς
941 661 1123 742 δρυμοόνας,
1144 651 1204 732 αλλς
1225 681 1288 736 χα-

187 763 281 826 λεπόν
300 766 369 828 ἐστι
391 764 508 826 διιέναι
541 759 635 844 ἀνδρί
653 755 786 844 έπήλοδι
809 759 864 825 καί
881 758 1126 846 μιλέπιχωρίρ·
1169 757 1307 825 avant-a

176 866 277 926 τατοι
297 861 358 946 γὰρ
382 856 475 946 ὄντος,
496 863 552 926 ιιαί
571 862 712 942 δένδροις
742 863 1055 946 ταταπεφοτευμένοι
1078 867 1225 938 πυκνοῖς,
1246 852 1291 930 σός

188 957 300 1047 ἥκιστα
323 967 515 1046 παρέχονται
539 959 592 1026 διό
607 965 726 1024 πολλοῦ
743 959 882 1042 βάσιμον
894 957 951 1044 τήν
971 958 1105 1029 εἴσοδον.
1149 957 1209 1032 τὰς
1230 959 1291 1036 μὲν

160 1056 245 1126 uode
264 1073 415 1146 γυναῖκας
435 1061 489 1126 καί
508 1063 625 1135 παῖδας
648 1056 748 1136 οὕτως
761 1059 911 1140 ἐξέθεντο,
933 1059 1029 1126 αὐτοὶ
1048 1062 1085 1124 δέ
1105 1063 1291 1140 συναθροι-

187 1167 316 1238 σθέντες
335 1167 369 1238 ές
389 1161 423 1228 τό
452 1163 528 1227 ariri
553 1160 676 1226 εἵποντο
697 1158 815 1250 Βλόδιρ
847 1165 892 1249 τηλ
913 1157 1050 1245 ἡγεμόνι.
1092 1164 1151 1224 καί
1171 1162 1207 1234 ές
1231 1159 1289 1222 dria

184 1269 300 1343 μοίρας
319 1261 551 1344 έπιδιιλόμονσς
582 1259 638 1326 τὸν
665 1259 803 1344 στρατόν
822 1259 875 1326 τόν
902 1265 961 1342 μέν
985 1255 1052 1344 εἶχε
1072 1267 1151 1346 παρ’
1172 1256 1318 1346 ἑαυτῷ,ἒο

185 1360 240 1428 τδν
263 1364 299 1427 δέ
318 1358 455 1443 ἔπεμπεν
475 1363 530 1427 tut
548 1359 603 1428 τόν
624 1363 680 1444 τῆς
700 1364 849 1445 μελαίνης
864 1363 1049 1443 Πογδιινίας
1070 1358 1225 1445 ἡγεμόνα,
1247 1357 1288 1434 ιός

185 1455 224 1542 ἢν
245 1463 390 1542 ἐσβαλεῖν
412 1463 527 1535 ἐκεῖνος
547 1461 693 1546 πειρῷτο,
715 1456 966 1542 α’μονόμινοιμὴ
988 1461 1177 1544 περιόδοισιν
1189 1459 1288 1538 ἐσβα-

186 1559 282 1623 λόντα
302 1561 336 1634 ές
357 1557 414 1644 τὴν
434 1558 554 1642 χώραν.
598 1556 696 1642 όγιλρ
719 1561 775 1641 τῆς
795 1557 946 1642 μελαίνης
959 1557 1076 1640 τοιότης
1097 1559 1288 1640 Πογδανίας

186 1657 311 1740 ἦγεμολν
328 1657 503 1742 διενεχθεὶς
531 1659 677 1738 ἐπολέμει
706 1657 750 1742 τῷ
772 1658 890 1743 uturp
920 1654 983 1720 α’πό
1013 1655 1120 1731 αἰτίας
1142 1659 1287 1738 τοιᾶσδε,

187 1755 241 1820 ναί
258 1758 406 1840 πρέσβεις
439 1759 570 1838 πέμπιον
600 1753 686 1838 παρὰ
718 1757 853 1836 βασιλέα
886 1757 1061 1838 Μιχμότην
1089 1757 1285 1834 ἐπεκαλεῖτο,
1294 1768 1316 1818 15

187 1855 242 1918 καί
261 1851 464 1939 συνάρασθαι
494 1855 550 1919 τόν
571 1853 709 1934 πόλεμον
736 1850 874 1939 &paruo
902 1857 1028 1933 ἕτοιμος
1051 1847 1145 1918 εἶναι.
1189 1857 1286 1936 βασι-

187 1951 340 2035 loricula
373 1947 431 2018 οὖν
459 1954 608 2038 ἠρέσκετέ
629 1977 663 2020 το
688 1961 754 2029 τοῖς
776 1958 834 2018 τοῦ
858 1951 1011 2038 ἡγεμόνος
1030 1951 1146 2019 τούτου
1170 1953 1284 2036 λόγοις,

159 2052 241 2119 Carui
260 2055 403 2119 ἐκέλευον
426 2051 511 2120 οὗτοι
527 2062 629 2120 ποιεῖν
650 2053 706 2118 τόν
719 2049 837 2118 ἑαυτοῦ
856 2055 1043 2138 στρατηγόν,
1061 2053 1285 2136 συμμίσγοντα

189 2157 231 2244 τῷ
251 2154 403 2243 ναυάρχῳ
425 2157 457 2230 ές
474 2152 528 2219 τόν
549 2151 692 2236 ποταμόν
704 2159 881 2236 πολιορκεῖν
903 2151 938 2216 τό
957 2153 1073 2217 Κελίον
1088 2151 1183 2216 πόλιν
1203 2147 1284 2216 οότισ

189 2257 384 2338 καλουμένην
406 2256 463 2319 rori
489 2255 638 2333 Βλόδσυ,
671 2252 725 2318 έπί
753 2254 795 2340 api
824 2252 960 2332 στόματι
990 2254 1048 2314 τοῦ
1068 2255 1226 2332 ποταμοῦ.
1268 2251 1323 2336 o‘tl}

188 2359 295 2433 μέντοι
316 2345 549 2437 ἡγεμώνοότος
560 2355 713 2431 συλλέξας
725 2351 907 2435 στράτευμα
928 2352 991 2415 uiui
1013 2357 1069 2435 τῆς
1088 2355 1203 2439 χώρας
1221 2351 1283 2416 ι”ιτο

190 2451 244 2518 έπί
262 2453 317 2517 τόν
336 2459 491 2534 βασιλέως
511 2453 622 2518 στόλον
643 2451 724 2517 τόθι)
745 2457 803 2536 τῆς
825 2453 946 2517 Κελίου
969 2453 1098 2534 πόλεως,
1119 2457 1282 2534 συμμίξαι
1322 2471 1323 2508 ι

191 2741 242 2792 cile
261 2743 350 2810 ignem
366 2743 519 2794 admittant.
556 2743 621 2794 Daci
641 2741 689 2794 ubi
707 2749 870 2813 acceperunt
895 2757 985 2811 regem
1004 2758 1064 2793 cum
1083 2743 1170 2812 copiis
1188 2742 1277 2792 adver.

191 2829 248 2864 sum
267 2827 295 2863 se
313 2829 433 2882 pergere,
461 2813 564 2866 liberos
591 2819 619 2866 et
639 2831 736 2866 uxores
761 2813 931 2864 collocarunt
955 2814 1084 2884 qrrasdam
1111 2813 1140 2864 io
1166 2823 1278 2866 mooten
1322 2803 1323 2882 J

192 2883 345 2946 Prasoburn,
364 2885 493 2956 quasdam
507 2885 534 2938 io
552 2884 712 2956 oppidulum
726 2885 836 2937 nomine
855 2911 869 2936 a
886 2911 899 2935 ι
917 2911 931 2938 a
951 2911 963 2936 a
983 2883 1058 2954 quod
1077 2884 1180 2936 circulo
1201 2885 1279 2934 relati
1322 2895 1323 2952 j

191 2955 349 3006 circumiens
369 2955 511 3008 muniebat
527 2967 555 3009 et
573 2956 754 3008 custodiebat.
791 2957 874 3008 etiarn
894 2956 971 3024 palus
991 2957 1046 3006 aive
1065 2955 1139 3006 lacus
1156 2955 1279 3025 palustris
1322 2969 1323 2996 r

191 3026 220 3078 iri
240 3027 400 3097 oppidulum
419 3029 462 3079 vel
482 3029 510 3079 in
539 3029 630 3098 primis
650 3037 679 3078 et
697 3028 858 3079 tutissimum
885 3035 912 3078 et
935 3029 1145 3080 munitissimum
1164 3035 1280 3096 praesta·

191 3095 247 3149 bat.
285 3099 572 3168 quaedampraeterea
593 3098 723 3150 abdidere
741 3099 769 3150 λιι
790 3107 918 3167 querceta
937 3100 1063 3166 regionis,
1082 3115 1154 3168 quae
1173 3099 1279 3148 transire

191 3167 299 3220 difficile
318 3175 360 3220 est
377 3169 432 3220 viro
454 3173 602 3239 peregrino,
616 3171 664 3239 qui
684 3187 738 3221 non
761 3169 796 3220 sit
816 3169 953 3237 indigena.
990 3169 1149 3221 (lentissima
1167 3171 1237 3220 euim
1256 3176 1280 3220 el
1322 3195 1323 3226 r

191 3239 333 3291 arboribus
350 3241 453 3292 consita
472 3241 572 3305 densis,
590 3242 747 3312 plerumque
766 3242 900 3291 inaccessa
916 3241 1039 3292 etiuvia.
1074 3242 1200 3292 mulieres
1219 3243 1278 3310 qui-

191 3311 251 3362 dem
274 3319 302 3363 et
320 3309 436 3372 liberos,
459 3313 684 3381 quemadmodum
706 3311 776 3373 dixi,
805 3312 834 3362 in
859 3312 918 3362 loca
944 3319 1003 3363 tuta
1031 3321 1197 3363 contraxere.
1231 3312 1277 3360 riri
1322 3363 1323 3366 ,

191 3399 254 3434 uero
275 3382 302 3434 in
321 3399 403 3434 unum
416 3383 523 3434 collecti
542 3383 724 3453 sequebantur
739 3383 848 3434 llladum
867 3382 977 3448 ducem3
998 3385 1045 3452 qui
1058 3399 1202 3433 eecerueor
1219 3383 1277 3432 uni·
1322 3367 1323 3418 i

192 3471 297 3505 versum
319 3454 466 3505 exercitum
487 3455 515 3504 io
537 3453 602 3504 duas
622 3463 721 3522 partes,
740 3455 850 3505 alteram
862 3453 971 3523 quidem
992 3455 1050 3522 ipse
1067 3453 1195 3514 detinuit,
1212 3454 1276 3503 alte·

191 3543 248 3578 τοτα
269 3541 333 3578 sero
352 3525 391 3576 ire
408 3525 486 3576 iussit
510 3533 603 3576 contra
622 3523 720 3592 Nigrae
747 3523 899 3592 Pogtlaniae
919 3525 1087 3594 principem,
1106 3532 1138 3576 ut
1158 3527 1179 3576 si
1197 3525 1217 3575 λι
1233 3541 1276 3574 eo-

190 3605 302 3648 naretur
328 3599 357 3647 in
383 3597 493 3646 Daciam
517 3595 634 3657 irruere,
659 3596 767 3648 sortiter
791 3597 963 3658 resisterent,
989 3612 1040 3647 uec
1067 3597 1225 3647 omitterent
1250 3596 1276 3645 in
1322 3625 1323 3648 r

190 3669 249 3718 eius
270 3669 407 3736 regionem
427 3665 561 3724 hostilem
580 3667 762 3720 incursionem
788 3667 887 3718 lacere.
938 3683 1001 3718 nam
1021 3667 1183 3719 inimicitiae
1199 3668 1275 3717 inter·
1322 3715 1323 3730 η

190 3748 326 3790 cesserant
349 3739 422 3790 iuter
444 3739 541 3806 Nigrae
561 3736 710 3806 Pogdarriae
734 3739 883 3807 principem
914 3746 942 3790 et
961 3737 1082 3790 bladum.
1120 3747 1276 3809 quapropter

191 3807 294 3860 bellum
314 3811 386 3862 inter
405 3811 477 3879 ipsos
498 3808 618 3860 ardebat.
668 3810 743 3860 cuius
765 3808 929 3862 hneccaura
955 3809 1122 3879 perhibetur.
1162 3811 1274 3880 princeps

192 3879 288 3946 Nigrae
316 3879 468 3948 Pogdaniae
492 3881 579 3930 missis
613 3880 709 3948 legatia
741 3879 902 3932 hortabatur
930 3898 1017 3948 regem
1046 3879 1223 3932 hicchmetem
1245 3877 1273 3928 ad

191 3949 293 4001 bellurn
312 3950 483 4004 inserendum
502 3950 606 4016 Blad03
626 3967 777 4022 quemquo
797 3953 878 4020 oragis
896 3962 1026 4012 rnoreret.
1052 3951 1232 4022 pollicebatur
1249 3965 1273 4000 τι

191 4037 251 4070 soar
270 4021 363 4088 copiae
382 4023 438 4074 eiua
463 4024 550 4092 copiis
576 4023 737 4074 iuncturum.
785 4025 838 4090 regi
865 4032 940 4091 gruta
969 4031 1046 4074 erant
1071 4039 1142 4092 quae
1161 4025 1293 4091 princeps.

190 4093 242 4141 iste
264 4090 402 4142 afferebat.
439 4093 552 4160 proinde
570 4093 648 4146 iussit
670 4102 698 4145 ut
718 4094 846 4164 promissa
868 4093 902 4146 ad
922 4111 977 4146 rem
995 4095 1140 4157 conferret,
1162 4103 1190 4146 et
1206 4109 1270 4145 eaer-

90 4430 209 4504 A
