2730 4630
340 281 395 346 DE
421 279 549 344 REBUS
579 276 770 343 wneicts
798 279 836 342 L.
856 279 910 340 W.
1074 266 1148 336 208

51 428 119 512 γάρ
147 451 197 495 τοι
223 427 241 492 ό
268 431 330 494 τῶν
346 422 537 511 Παιαζῆτεα
558 426 699 510 παίδων,
719 423 934 510 μιμησάμενος
956 423 1081 488 Mucios
1095 420 1150 486 τόν

53 525 213 614 ἀδελφόν,
234 528 292 592 κατ’
310 524 389 610 πρός
409 525 464 590 τόν
491 522 634 610 Σινώπης
667 518 808 608 ἀρχοντα
827 529 976 606 πολέμιον
997 513 1072 588 όντα
1108 524 1150 608 τῆ

53 630 195 714 ἀδελφῷ
224 625 380 714 Μεχμέτη
409 621 617 712 ἀφικόμενος,
646 625 701 690 καὶ
729 618 821 709 όριιιοι
842 621 1048 708 ποιησόμενος
1069 614 1150 686 dots

55 731 173 802 ξένους
194 719 280 790 εἶναι’
293 749 330 790 τε
350 725 404 789 κατ’
424 727 538 811 φιλοας
560 722 726 810 ἀλλήλοις,
756 723 811 788 κατ’
838 721 919 808 πρός
951 719 1005 786 τόν
1027 725 1150 796 Aoniae

29 825 204 910 ὀῆγεμόνοι
225 825 559 908 διαπρεσβευσάμενος,
579 820 622 900 ἀς
642 821 738 888 αάτὸν
752 817 887 904 όσμενος
907 818 1077 904 ἀπεδέχετο
1096 817 1152 886 καὶ
1161 828 1179 878 Β

54 919 164 990 τᾶλλα
197 924 380 1006 ὑπισχνεῖτο
407 923 717 1007 σογκατερμάζεσθαι
750 921 790 988 τό
818 925 851 998 ἐς
891 918 948 1005 τῆν
975 923 1149 1003 βασιλείαν,

55 1027 153 1110 διέβη
174 1047 208 1088 τε
230 1025 275 1098 εἰς
291 1021 350 1108 τῆν
363 1028 486 1092 Δακτάν
502 1027 718 1109 Μοοοεοφοῖς,
735 1023 791 1088 καί
808 1018 923 1104 χρόνον
944 1019 1058 1088 αὐτόθι
1079 1021 1150 1084 δια-

54 1126 182 1206 τρίψας
202 1118 329 1205 συχνόν,
350 1119 432 1205 ἔχων
463 1116 581 1206 ἀνδρας
602 1124 800 1206 τριακοσίους
819 1119 959 1204 ἔπρασσε
980 1117 1057 1204 πρὸς
1075 1116 1150 1196 τούς

60 1221 218 1306 Τοόρτοον
238 1223 409 1306 ἀρίστους,
428 1220 546 1304 μετιεόν
566 1225 706 1288 ἕκαστον.
748 1218 790 1298 ἀς
806 1224 837 1286 δ’
859 1216 952 1286 οόδὲν
972 1219 1151 1302 προεχώρεε

15 1323 72 1406 ¹0(
77 1314 120 1405 ῆν
140 1319 201 1404 γὰρ
223 1323 400 1406 Μεχμέτης
424 1319 462 1388 τό
485 1315 617 1387 sedita
637 1319 850 1406 insecutiones*
880 1322 915 1398 ἐς
933 1317 969 1384 τό
993 1319 1152 1402 θεραπεό.

59 1445 112 1484 ειν
143 1418 217 1496 τοός
250 1419 399 1503 ἀρίστους
427 1424 490 1484 τῶν
516 1419 661 1505 Τοόρνιαν
695 1422 753 1483 σι’νι
781 1419 955 1500 ἀδόκιμος,
977 1416 1095 1500 τρόπον
1116 1439 1150 1482 τε

57 1518 212 1604 ῆσοχόοο,
235 1520 341 1604 ψευδῆ
355 1541 387 1584 τε
407 1523 507 1584 παῖδα
528 1521 676 1605 ἐνέφηνεν
697 1513 778 1586 εἶναι
799 1521 859 1584 τοῦ
879 1515 1074 1599 Παιαζῆτεω
1097 1512 1150 1578 τόν
1174 1509 1184 1530 “

59 1621 292 1704 Μσοσταφάν,
313 1619 369 1682 uui
396 1616 439 1694 οός
460 1620 587 1706 οάδαμῆ
613 1621 780 1704 καταφανῆ
800 1615 931 1702 σχόντες
950 1615 1008 1697 τῆν
1029 1616 1150 1695 διατρι-

57 1716 126 1802 βῆν
149 1716 251 1806 adsui·
292 1718 347 1782 τόν
367 1719 403 1784 δὲ
423 1721 523 1784 παῖδα
543 1717 658 1782 τούτου
679 1720 862 1802 τελευτῆσαι
881 1718 957 1798 παρ’
977 1707 1150 1798 ἀνδρίόπι·

17 1819 176 1904 λᾶεηδείφ
206 1819 260 1882 κατ’
283 1815 339 1882 τόν
369 1814 488 1901 τρόπον
521 1814 718 1906 δικαιοτάτῳ,
747 1813 781 1892 ὃς
810 1817 925 1902 ἀφῖκτο
945 1815 1020 1896 παρ’
1039 1807 1184 1876 ἑαυτόνο

58 1914 119 1982 τόν
140 1913 281 1980 θάνατον
312 1918 371 1981 τοῦ
387 1914 502 1991 παιδός
524 1918 747 2002 διασημῆναι),
778 1914 917 1982 ἐνταῦθα
934 1913 1151 1997 Μοασταφιῖς,

59 2014 107 2092 nic
127 2009 221 2080 οόδὲν
239 2013 327 2103 αάτρῖ
344 2015 425 2089 κατά
447 2018 522 2080 νοῦν
542 2015 712 2098 ἀπέβαινεν
734 2013 796 2080 ἀπό
819 2018 952 2096 Δακίσς,
970 2015 1026 2078 καὶ
1047 2011 1151 2093 οἰόμε-

59 2137 115 2190 νος
135 2107 240 2202 ἑαυτῷ
260 2107 387 2196 ἄμεινον
408 2118 542 2196 ἐξεῖναι,
574 2109 613 2200 ῆν
640 2112 694 2179 ε’πί
721 2112 793 2192 τούς
807 2108 956 2200 Ἓλληνας
987 2107 1151 2198 ἀφιίηται,

61 2217 207 2300 ἐνμέσῳ
235 2217 291 2298 τῆς
320 2217 422 2300 ἀρχῆς
442 2217 624 2298 Μεχμέτεοο
651 2213 830 2298 ἱδρυμένος,
848 2211 975 2280 timim
995 2208 1057 2276 ἀπό
1080 2219 1152 2279 Δα-

19 2316 136 2387 λθειάς
155 2310 314 2397 διαμονῆς
335 2317 390 2399 τῆς
415 2311 539 2402 Θρᾴκης
559 2311 614 2380 ἐπὶ
631 2314 687 2399 τῆν
711 2315 848 2400 Θέρμην,
868 2314 959 2379 πόλιν
974 2313 1151 2398 Ἑλληνίδα.

62 2415 119 2477 κατ’
138 2408 173 2488 ἐς
191 2414 300 2495 λόγους
321 2410 513 2499 ἀφικόμενος
539 2415 583 2502 τῷ
598 2410 751 2500 Ἑλλήνων
781 2407 911 2498 ἄρχοντι
933 2410 1034 2501 εἰσῄει
1054 2435 1086 2478 τε
1106 2413 1152 2490 εἰς

141 2583 182 2638 13.
203 2585 349 2657 οχόνταλλ
417 2589 461 2642 20.
483 2583 531 2643 διό
548 2589 654 2662 ssione?
760 2640 765 2648 ,

63 2730 160 2804 pisbst
184 2732 212 2786 in
233 2729 358 2784 omnibus
385 2748 563 2804 quaeeunque
587 2735 744 2805 petiissent,
764 2733 836 2786 baud
855 2734 982 2803 gravatim
1000 2731 1149 2803 largiendo.

65 2803 255 2855 familiaritatis
285 2811 374 2854 eutem
392 2805 449 2854 eius
476 2819 573 2867 censa,
598 2821 680 2876 quem
698 2821 770 2856 nunc
788 2804 926 2868 dabimus,
944 2813 1012 2856 eset.
1048 2807 1152 2857 Muste-

64 2873 135 2942 pbes
157 2891 226 2926 nnus
244 2891 259 2924 e
280 2889 391 2924 numero
411 2873 530 2927 filiorum
559 2877 697 2937 Paiszitis,
715 2876 834 2927 imitatus
859 2877 953 2928 Mosen
975 2876 1097 2939 fratrem,
1116 2873 1150 2926 εά

65 2944 209 3015 Sinopium
227 2943 337 3008 ducem,
355 2945 403 3015 qui
433 2946 519 2998 bostis
536 2955 594 2998 erat
611 2946 786 3010 Mecbmetis,
810 2949 983 3015 perveniens,
1004 2947 1148 2998 iuramenti

66 3015 198 3082 religione
216 3016 378 3084 interposito
395 3031 424 3068 se
441 3017 554 3069 invicem
578 3019 677 3070 amicos
699 3025 727 3069 et
746 3017 867 3086 hospites
886 3019 915 3070 in
935 3025 1072 3088 posterum
1089 3017 1147 3068 iure

67 3086 271 3138 confirmabant.
289 3085 389 3139 deinde
407 3103 466 3138 cum
485 3088 587 3156 legatos
604 3089 722 3141 misisset
741 3087 774 3138 nd
785 3090 883 3140 Daciae
902 3088 998 3140 docem
1015 3097 1043 3141 et
1063 3088 1147 3140 amice

65 3156 100 3208 nb
117 3174 151 3208 eo
168 3157 241 3210 foret
269 3167 409 3228 ecceptus,
438 3160 668 3232 pollicenturque
691 3176 720 3212 se
740 3157 791 3228 ipsi
819 3162 955 3230 suppetias
978 3161 1094 3212 laturum
1119 3160 1148 3211 in

65 3243 148 3296 regno
162 3227 237 3299 quod
253 3236 346 3282 nosset
364 3230 537 3300 acquirendo,
557 3233 586 3281 in
609 3233 696 3282 sisium
716 3229 790 3282 abire
809 3229 936 3282 decrevit.
971 3247 1030 3282 cum
1049 3232 1076 3282 in
1087 3229 1149 3282 Asin
1247 3281 1253 3290 ,

65 3299 148 3366 lungo
173 3309 295 3369 tempore
319 3309 437 3352 moratus
458 3311 546 3365 esset,
574 3300 677 3354 babens
702 3318 791 3353 secum
810 3303 880 3354 viros
897 3309 1051 3363 trecentus,
1076 3299 1150 3352 bend

66 3369 187 3423 cessabat
204 3371 308 3422 ambire
325 3371 471 3423 'turcorum
489 3374 620 3442 optimum
639 3387 776 3446 quemque
795 3381 823 3424 et
840 3371 873 3424 sd
892 3372 1071 3424 deiectionem
1090 3371 1151 3440 pei-

66 3441 156 3492 licere.
198 3458 258 3492 cum
285 3457 326 3492 res
343 3457 436 3510 perum
457 3443 629 3506 succederet,
649 3443 938 3512 ungebaturmenime.
972 3461 1033 3495 nom
1056 3441 1150 3494 Mech-

66 3521 150 3564 metes
178 3513 326 3582 aequitatis
350 3513 545 3566 amentissimus
564 3521 637 3576 esst,
668 3525 696 3566 et
715 3515 820 3583 egregie
841 3517 985 3584 optimates
1001 3515 1150 3566 Tuscorum

66 3584 155 3634 coiere
175 3591 271 3645 norat,
299 3584 473 3654 moribusque
500 3593 558 3637 erut
577 3585 738 3655 tranquillus
762 3595 791 3637 et
810 3586 941 3658 placidus.
977 3583 1024 3635 bic
1043 3581 1151 3634 dicebat

65 3654 236 3724 Mustspbem
251 3653 323 3705 baud
337 3655 495 3723 legitimum,
512 3671 604 3708 verum
617 3656 818 3726 suppositiciuus
838 3674 896 3708 esse
915 3655 1037 3706 Psiezitis
1056 3654 1151 3716 filium,

66 3725 902 3868 {bittit'uetitis'tittet‘tttt‚izit:
920 3732 1152 3866 ittiisstttzi

66 3867 113 3916 iiiii
134 3868 258 3918 Pniezitis
274 3877 388 3931 mortem
417 3870 553 3939 accepisse
575 3887 591 3920 n
608 3870 666 3920 viro
692 3869 864 3936 integerrimo
883 3875 912 3919 et
931 3869 1086 3930 iustissimo,
1104 3868 1153 3938 qui

66 3938 114 3988 sibi
134 3953 192 3988 enm
211 3955 261 4008 pro
283 3948 357 3990 cetto
379 3943 518 3992 nuntiarit.
556 3940 725 4014 Mustepbes,
743 3957 803 3994 cum
822 3941 926 4008 coeptis
947 3956 1040 4009 parum
1059 3955 1153 3991 succe-

67 4007 149 4070 deret,
170 4010 241 4061 ebiit
258 4025 291 4062 ex
310 4010 403 4074 Deoia,
429 4021 458 4063 et
476 4029 517 4063 res
539 4029 599 4064 suns
618 4013 729 4063 meliore
758 4019 829 4063 stetu
850 4012 908 4062 iore
927 4011 1062 4074 credebat,
1082 4012 1104 4060 si
1123 4025 1153 4060 ιε

67 4081 223 4133 contulisset
245 4079 280 4132 sd
296 4083 429 4144 Graecos,
456 4085 495 4135 sic
519 4084 546 4134 in
573 4081 663 4134 medio
690 4081 850 4134 Meehmetis
879 4099 960 4150 regno
980 4084 1153 4134 constitutus.

67 4151 192 4204 iracundo
217 4152 312 4224 itsqus
340 4153 452 4217 animo,
478 4154 571 4206 relicte
596 4154 696 4217 Dacia,
720 4170 769 4224 per
797 4154 821 4206 Τ
823 4153 938 4206 Ιντεοίεστ
970 4149 1154 4206 contendebat
