2696 4616
212 259 284 334 560
457 263 623 332 tuomet
653 261 1045 332 cnlacocouusnnn

211 437 266 501 χρι
300 415 473 492 Θετταλίας
492 418 525 492 tc
546 416 703 502 Πηνειόν,
727 414 782 480 καί
808 415 1105 498 ἐστρατοπεδεύετο
1136 413 1244 498 παρὰ
1266 423 1330 481 Λα

210 521 303 602 ρίσσῃ
325 517 363 602 τῇ
382 512 482 580 πόλει.
538 513 709 602 συμβούλῳ
746 517 781 578 δὲ
801 515 915 601 ἐχρῆτο
933 519 994 596 μὲν
1012 513 1155 602 Ὀμάρῃ
1180 517 1233 601 τῷ
1259 521 1327 580 Ταα-

213 613 358 699 ραχάνεω
372 617 547 694 Θετταλίας
566 611 711 704 ύπάρχιγ.
753 613 942 699 ἀπετρέπετο
962 616 999 678 δὲ
1018 612 1069 700 μὴ
1092 617 1135 692 ἐς
1160 612 1203 678 τά
1228 614 1325 698 noane

213 713 366 800 ἐλαύνειν,
390 714 471 778 ἀλλά
492 719 622 798 βασιλεῖ
644 713 845 798 ἀναγγέλλειν
861 731 865 734 ·
879 713 921 788 ἀς
943 711 961 796 ’l
983 711 1200 800 παρασκευὴ
1219 720 1327 796 perier

213 811 234 900 ἢ
253 811 333 878 κατά
355 811 409 878 τάν
428 817 584 896 βασιλέως
598 809 755 896 ἡγεμόνα·
800 812 898 888 αύτὸς
910 811 971 896 γάρ
991 812 1239 897 στρατεύματι
1260 815 1330 898 api-i

214 920 292 982 σθεν
316 911 465 1008 ἐγγύτατα
486 917 545 978 τού
563 915 700 995 Ἰσθμοῦ
721 911 910 1000 ἀφικόμενος
931 913 1185 998 τηλιβόλουςτε
1201 916 1324 999 aaran

216 1015 341 1088 πλείους
361 1007 382 1098 ἢ
404 1015 579 1098 δισχιλίους
612 1013 667 1080 καί
686 1012 909 1098 τηλεβολιστάς
939 1017 1187 1094 τετρακοσίους
1211 1017 1266 1079 καί
1283 1039 1324 1078 το-

217 1109 307 1192 ξότας
326 1113 381 1178 καί
395 1117 580 1197 πελταστάς,
601 1118 656 1178 κατ’
675 1115 789 1199 μηδενί
808 1110 926 1188 αύτούς
947 1107 1054 1177 utiensi
1076 1117 1118 1178 ἐν
1146 1117 1198 1200 τῷ
1217 1116 1323 1201 ’Irini

185 1215 388 1296 Οέπιτρὲψαι
411 1207 451 1276 ἀν
465 1212 810 1298 στρατοπεδεύσασθαι.
853 1213 953 1278 ταῦτα
973 1211 1178 1279 ἀκούσαντα
1195 1211 1256 1278 τάν
1276 1219 1322 1294 βα.

215 1315 327 1388 οιλέοις
348 1311 496 1396 ἡγεμόνα,
518 1311 621 1376 ἐδόκει
641 1317 772 1394 βασιλεῖ
786 1315 845 1394 μὲν
865 1314 1166 1396 καταλαμβάνοντα
1190 1313 1330 1398 stiriis-t

215 1409 404 1495 λσπόννηοσν
427 1413 644 1496 ἀπαγγέλλειν,
664 1409 785 1489 αύτούς
807 1415 842 1478 δὲ
862 1411 1102 1491 ἀναζεύξαντας
1129 1415 1223 1478 ι’ἑνιιι
1244 1417 1277 1488 ἐς
1296 1415 1320 1476 τέ

216 1512 324 1596 πρόσω
344 1515 378 1586 άς
399 1511 576 1593 Λεβαδίαν.
631 1510 783 1595 βασιλεύς
803 1514 877 1597 μέν,
906 1509 949 1588 aie
970 1513 1108 1596 ἀγγελία
1133 1514 1237 1600 αύτῷ
1255 1515 1319 1598 sipi.

215 1635 284 1678 κετο
307 1610 362 1696 τήν
382 1633 416 1676 τε
438 1609 623 1696 παρακεοὴν
642 1611 781 1695 μεγάλην
802 1635 835 1676 τε
859 1603 939 1678 εἶναι
963 1613 1018 1676 καί
1038 1612 1228 1698 ἀξιόχρεω,
1250 1619 1319 1697 λιγέ·

215 1738 269 1778 ται
291 1713 326 1776 δὲ
346 1712 436 1798 αύτῷ
463 1715 519 1776 καί
548 1709 720 1795 γράμματα
748 1714 854 1776 sitan
883 1709 946 1775 ἀπὸ
972 1711 1242 1795 Πελοποννήσου
1262 1717 1317 1776 ire

217 1811 382 1896 τρύνοντα,
402 1812 447 1886 ἀς
466 1803 506 1892 ἢν
525 1813 614 1898 ἀπίῃ,
636 1809 672 1874 osi
703 1813 852 1891 penuriosa
873 1809 972 1876 αύτόν
990 1809 1130 1876 ἐπιόντα
1154 1809 1187 1878 οἱ
1213 1815 1330 1880 Orissa-l

216 1911 274 1976 τοί.
316 1909 355 1976 sss¹
391 1910 562 1992 γράμματα
591 1912 715 1993 ἐνέγκαι
747 1909 832 1997 αύτῷ
856 1903 962 1993 ἀνδρα
980 1909 1148 1992 Ἀλβανὸν
1172 1909 1241 1976 αἀὁ
1262 1917 1314 1977 lis.

217 2011 340 2094 ρι’νθοο,
360 2008 476 2096 σκάφει
497 2010 531 2074 τὸ
554 2012 687 2092 πέλαγος
709 2009 829 2093 νυκτός,
843 2007 1024 2096 τηρήσαντα
1036 2013 1186 2096 πνεῦμα,
1209 2009 1255 2087 σάς
1273 2004 1313 2076 ai·

218 2133 277 2193 ρον
300 2113 545 2194 κατασταμένοο,
567 2107 623 2172 καί
635 2108 746 2184 νύκτάς
767 2110 944 2192 ἀπαίροντα
958 2110 1273 2195 διαπεραιώσασθαι
1289 2117 1313 2186 ἐς

221 2208 389 2293 Βοιωτίαν,
412 2203 576 2291 ἀποβάντα
598 2207 770 2294 ἀφικέσθαι
785 2207 871 2294 παρὰ
891 2207 1123 2296 Μαχονμούτιγ
1145 2215 1183 2288 ἐς
1210 2215 1330 2286 Θῆτα,

114 2297 118 2306 ’
189 2311 302 2373 iilius.
345 2305 400 2372 τὸν
422 2309 457 2374 δὲ
489 2307 747 2394 ε’πιφρασάμενον
772 2305 810 2372 τά
830 2305 1013 2394 γράμματα,
1034 2305 1330 2472 σοσκετιασάμειοιγ

220 2407 368 2474 ἐντεῦθεν
397 2409 430 2484 ἐς
457 2405 488 2470 τὸ
522 2405 629 2491 πράσον
655 2406 819 2490 ἐλαύνειν,
838 2406 993 2472 ἐλάσαντα
1022 2411 1128 2491 ἀγχοῦ
1151 2411 1310 2485 Βοιωτίας,

219 2509 399 2594 ἀφικνεῖται
419 2511 547 2592 ἀγγελιλι
573 2503 615 2584 ἀς
644 2508 795 2574 Ούενιτοί
815 2507 870 2574 τόν
890 2532 926 2574 τε
944 2502 1084 2591 Ἰσθμὸν
1105 2510 1310 2586 ἐκλελοιπότες
1329 2547 1330 2580 1

221 2811 279 2856 otus
297 2811 339 2855 est
365 2803 394 2856 in
407 2801 575 2856 Thessaliam
595 2819 681 2874 usque
712 2803 746 2856 ad
767 2803 902 2866 Peneum,
925 2811 953 2856 et
971 2810 1056 2858 casua
1077 2821 1166 2875 prope
1186 2806 1305 2856 Larissam

221 2873 314 2926 urbem
340 2876 438 2944 posuit.
486 2891 518 2927 eo
547 2875 576 2926 in
599 2873 675 2926 bello
701 2875 855 2926 consiliario
883 2875 1010 2926 utebatur
1034 2877 1134 2928 Omars
1159 2877 1306 2944 Thessaliae
1329 2877 1330 2910 ³

222 2947 370 3016 praelecto,
390 2947 436 3016 qui
458 2945 622 2998 blachumcti
640 2945 801 2998 consulebat
818 2954 849 2997 ut
876 2945 1033 2998 subsisteret
1053 2963 1105 2998 nec
1123 2945 1242 3000 ulterius
1258 2965 1306 2999 σιο-

221 3024 305 3077 seret,
325 3015 372 3068 sed
389 3016 445 3084 regi
463 3017 627 3084 significaret
643 3017 709 3068 belli
729 3019 827 3068 molem
846 3017 973 3068 maiorem
991 3017 1150 3086 impendere
1169 3037 1253 3090 quan
1270 3020 1306 3068 sui
1329 3029 1330 3104 γ

224 3087 312 3154 regius
331 3086 386 3138 dux
404 3083 523 3140 sufficere
543 3087 586 3140 vel
604 3103 654 3157 psr
671 3103 728 3138 esse
748 3089 843 3156 possit.
880 3103 941 3138 nam
968 3105 1027 3139 cuin
1047 3089 1131 3158 paulo
1151 3097 1217 3141 sate
1236 3107 1307 3160 quam
1329 3125 1330 3150 r

223 3161 343 3228 proxime
370 3157 404 3210 sd
432 3157 560 3210 Isthmum
588 3159 742 3226 speculator
768 3159 942 3222 accessisset,
961 3158 1121 3211 bombardae
1143 3163 1306 3231 conspicatus

176 3247 181 3260 ·
224 3230 372 3299 estplures
398 3246 477 3299 quam
505 3229 547 3280 bis
569 3229 661 3292 nrille,
690 3237 830 3299 praeterea
860 3229 1062 3282 bombardarios
1088 3229 1305 3300 quadringentos}

224 3319 330 3352 necuou
348 3301 497 3368 sagittarios
515 3309 542 3352 et
559 3303 705 3368 scutigeros
726 3299 809 3365 vidit,
837 3305 884 3369 qui
903 3300 976 3352 haud
1001 3302 1080 3352 facile
1102 3303 1230 3372 cuiquem
1247 3322 1305 3354 eou-
1329 3311 1330 3374 i

224 3373 323 3423 cessuri
341 3373 396 3422 sint
415 3380 499 3423 castra
518 3373 547 3423 in
567 3371 668 3424 lsthsuo
687 3372 785 3424 locare.
833 3371 900 3423 haec
919 3389 979 3422 cum
997 3373 1146 3441 accepisset
1163 3377 1233 3440 regis
1251 3374 1305 3427 slus,
1329 3383 1330 3440 t

222 3443 306 3494 sisaim
326 3451 367 3492 est
385 3443 439 3510 regi
460 3440 586 3505 indicare,
605 3451 634 3494 ut
652 3443 867 3511 Peloponnesum
885 3443 1066 3512 opprimeret:
1090 3460 1119 3494 se
1135 3461 1199 3494 vero
1220 3446 1305 3514 prais·
1329 3451 1330 3458 ’

224 3514 341 3566 ctionem
361 3513 475 3566 ulterius
495 3513 610 3566 facturos
628 3513 775 3564 Lebadiam
804 3529 898 3582 usque.
934 3515 1044 3566 nuntius
1063 3515 1147 3582 igitur
1172 3514 1207 3566 sd
1226 3533 1303 3583 regen

225 3586 307 3646 verrit,
329 3585 375 3656 qui
397 3585 541 3636 nuntiabat
568 3594 724 3653 apparatum
752 3583 817 3636 belli
837 3601 895 3638 esse
915 3601 1038 3653 magnum
1057 3593 1085 3636 et
1102 3585 1302 3638 memorabilem.

225 3656 334 3706 litterae
364 3657 444 3708 etiam
472 3655 506 3705 ab
532 3655 718 3724 Peloponneso
749 3656 849 3707 allatae
875 3663 956 3718 sunt,
981 3655 1078 3726 quibus
1098 3657 1263 3709 incitabatur
1279 3667 1302 3706 ut

227 3743 287 3780 cnm
305 3725 390 3795 copiis
416 3725 542 3778 accedere
562 3734 720 3778 maturaret:
747 3727 867 3778 Venetos
886 3727 957 3779 enim
976 3744 1022 3778 eus
1041 3727 1188 3780 adventum
1206 3747 1301 3798 nequa·

227 3815 308 3867 quam
327 3805 522 3868 expectaturus.
543 3797 645 3849 litteras
666 3795 713 3848 has
734 3795 768 3848 ad
787 3815 847 3849 eum
865 3798 978 3868 pertulit
994 3799 1035 3848 vir
1047 3797 1166 3868 quidam
1184 3801 1300 3852 Albanus

227 3869 274 3938 qui
293 3867 327 3918 ab
346 3868 476 3921 Corintho
494 3877 576 3921 noctu
597 3870 704 3920 solvens
723 3869 821 3936 scapha
849 3870 955 3920 traiecit
972 3886 1053 3930 mare,
1072 3869 1215 3922 observans
1232 3871 1300 3921 naris

228 3938 451 4008 tranquillitatem
482 3949 509 3992 et
532 3947 627 3991 ventos
650 3938 801 4001 secundos,
821 3947 848 3990 et
877 3940 905 3990 in
934 3941 1069 3992 licentiam
1096 3942 1211 4012 appulit.
1248 3939 1300 3991 bina

227 4025 348 4076 egressus
366 4011 427 4062 nasi
447 4011 522 4062 venit
540 4010 572 4062 ad
586 4009 781 4061 blachumetesu
800 4012 829 4061 in
843 4009 1015 4062 Thessaliam.
1051 4011 1234 4064 Machumetes
1251 4029 1300 4063 cum
1329 4033 1330 4088 γ

227 4081 331 4132 litteras
350 4079 475 4146 legisset,
502 4081 530 4132 in
558 4081 774 4149 Peloponnesum
801 4083 877 4132 abira
894 4083 996 4134 statuit.
1043 4082 1090 4133 ubi
1111 4085 1186 4134 veuit
1204 4085 1232 4134 in
1252 4083 1299 4134 toa
1329 4109 1330 4112 ¹

228 4149 355 4201 boeotiae
383 4151 550 4222 propinqua,
575 4153 688 4205 accessit
714 4152 826 4204 nuntius
854 4153 901 4223 qui
923 4153 1056 4206 referebat
1080 4155 1198 4208 Venetos
1216 4155 1298 4206 relicta
