2730 4630
322 315 376 376 DE
404 313 532 376 REBUS
561 311 749 378 Tuncrcrs
768 317 803 376 L.
824 319 863 378 V.
1075 307 1147 378 275

61 460 162 546 διήκει
191 463 245 528 ἐπὶ
266 460 405 528 ώκεανδν
424 461 460 526 eri
479 461 558 545 πρὸς
580 461 733 548 ἑσπέραν,
759 466 795 528 rb
817 465 852 528 δὲ
872 461 950 548 πρὸς
970 463 1012 529 ἕω
1035 463 1150 546 Ναβά-

60 588 101 649 ρη
122 586 157 626 τε
177 562 234 628 καί
250 565 281 627 Γ
279 565 402 649 αλατίη,
421 567 477 628 καί
495 563 532 634 τὸ,
563 562 644 646 πρὸς
665 567 867 648 μεσημβρίαν
885 566 926 651 τῇ
945 567 1184 646 fleotomi-n

58 663 122 748 λίην,
147 659 217 744 ἥτις
250 663 406 746 παράλιος
434 658 515 728 οὖσα
542 663 633 746 χώρα
671 662 724 728 ἐπί
745 667 801 728 τοῦ
834 664 975 728 ώκεοινοῦ
996 665 1049 728 ἐπί
1069 661 1148 728 notri
1240 695 1243 702 ·

58 758 180 844 διήκει,
209 763 265 826 καί
292 765 332 848 τῇ
352 765 414 826 τών
434 765 569 844 Λιβύων
598 767 652 846 τῆς
673 767 703 828 Γ
700 759 837 849 ρανάπης
856 761 964 851 χώρη·
1006 760 1094 838 ε’νῐός
1113 763 1150 826 δέ

32 861 127 924 5ἔσιι
162 861 197 925 ro'
233 865 289 926 rori
314 861 463 943 Ἰακώβου
491 860 586 946 ἱερόν.
643 866 887 948 Πορκουγαλλιά
916 865 1069 946 δεχομένη
1094 863 1149 946 τῆς

57 961 195 1044 Ἰβηρίας
217 963 316 1044 διήκει
337 959 392 1026 tm·
411 961 467 1044 τὴν
488 960 577 1038 δντὸς
597 960 764 1027 θάλασσαν
776 965 834 1027 τοῦ
852 965 1002 1048 πορθμοῦ
1022 960 1075 1026 tut
1093 960 1150 1045 την

57 1062 116 1142 τῆς
142 1063 174 1124 Γ
172 1057 308 1144 ρανάτης
335 1059 456 1143 χώραν.
508 1065 563 1144 τῆς
592 1065 627 1126 δὲ
656 1062 794 1146 Ἰβηρίας
813 1061 931 1146 χώρας,
952 1063 1100 1145 μεγίστης
1117 1084 1152 1125 σε

57 1153 160 1245 οὔσης
180 1159 234 1224 καί
256 1159 454 1241 εὐδαίμονος,
480 1159 586 1238 πόλεις
606 1163 696 1240 εἰσίν,
717 1161 752 1225 ἐν
770 1155 821 1234 αἶς
840 1162 881 1225 τά
899 1164 1057 1246 βασίλεια,
1078 1157 1099 1244 ἧ
1119 1183 1153 1224 σε

57 1259 228 1344 Διβηληνα
249 1263 435 1344 καλουμένη,
454 1260 574 1343 μεγάλη
588 1284 621 1325 πε
640 1265 696 1324 καί
716 1260 976 1346 πολυάνθρωπος,
998 1261 1053 1325 καί
1065 1265 1153 1345 Κορ-

18 1367 47 1418 10
59 1359 150 1442 δάβη
184 1361 333 1442 Μορσίκη
360 1363 415 1422 καί
444 1357 479 1424 cri
510 1357 677 1442 λεγόμενον
701 1363 835 1424 Τολέδον
869 1364 925 1425 καί
950 1357 1152 1443 Σαλαμάγκη.

57 1458 120 1522 καί
140 1456 227 1540 ἱεράν
247 1459 283 1522 δὲ
306 1462 362 1522 rori
381 1458 533 1540 Ἰακώβου
557 1461 590 1522 ἐν
616 1457 713 1546 ταάτη
736 1462 776 1546 τῇ
795 1459 887 1547 χώρη
907 1463 976 1525 ε’στδ
992 1461 1079 1544 παρά
1099 1459 1152 1524 τὸν

58 1557 200 1622 ω’κεανδν
228 1560 284 1622 καί
312 1558 368 1640 τὴν
393 1557 482 1634 ἑκτός
507 1555 686 1624 θάλασσαν.
741 1558 842 1642 διήκει
862 1563 897 1624 δὲ
919 1560 976 1624 καί
996 1560 1078 1644 πρὸς
1097 1559 1153 1643 την

58 1653 153 1730 ierac
177 1655 343 1722 θάλασσαν
363 1657 381 1741 'i
403 1659 458 1722 τοῦ
479 1659 605 1741 Ἰβήρων
620 1663 775 1738 βασιλέως
794 1659 899 1740 χώρα.
943 1665 1188 1742 Euomeret-tt.
1201 1675 1248 1726 tao

57 1758 115 1818 λιά
138 1757 173 1818 δὲ
204 1758 334 1820 οἰκεῖται
363 1756 443 1838 πρὸς
465 1761 506 1843 τῷ
528 1761 681 1844 πορθμῷ,
704 1755 765 1820 rimi
796 1760 826 1821 Γ
824 1755 962 1840 ρανάτης
982 1759 1152 1840 α’ρξαμένη,
1216 1767 1220 1776 “

18 1865 47 1916 15
59 1856 120 1918 ε’πί
130 1877 163 1918 πε
184 1854 239 1917 υδν
260 1855 405 1936 πορθμὸν
427 1860 482 1920 καί
504 1861 562 1938 την
591 1855 678 1931 ἐκτὸς
699 1853 867 1920 θάλασσαν
882 1851 985 1940 ’ἄχρις
1009 1860 1152 1941 Ἰβηρίας.

55 1957 89 2020 Γ
86 1950 208 2037 ρανάτη
236 1955 271 2018 δὲ
300 1953 319 2037 ἡ
339 1953 453 2038 χώρα,
473 1952 643 2038 μεσάγαιος
664 1947 764 2034 nino,
787 1955 841 2020 ἐπί
864 1957 922 2040 τήν
938 1955 1075 2040 ’Ἰβηρίαν
1099 1961 1155 2021 καί

55 2057 220 2119 Γαλατίαν
256 2055 477 2139 διατείνουσα,
499 2057 541 2118 ου’
568 2055 651 2119 πάνυ
679 2081 710 2120 πε
745 2049 817 2120 οὕτε
845 2054 994 2144 τῇίνπδς
1014 2056 1152 2145 θαλάσση

55 2147 131 2217 οὔτε
153 2159 197 2238 τῷ
219 2153 346 2239 ιδκεανῷ
358 2159 567 2238 προσχρῆται.
611 2155 749 2238 ὁμίντοι
766 2151 905 2240 ’Ἰβηρίας
922 2155 1073 2235 βασιλεώς
1094 2161 1154 2238 με’-

52 2279 161 2336 γισοον
182 2255 316 2321 δύναται
337 2259 434 2320 πώνδε
455 2261 516 2320 τών
538 2260 676 2338 χωρών,
697 2257 751 2320 καί
772 2257 858 2322 οἴκου
884 2251 927 2321 ών
952 2261 1009 2322 τοῦ
1037 2260 1153 2343 Ἀλμη.

15 2369 44 2421 20
55 2359 126 2418 νιόο
147 2358 204 2437 τῆς
216 2357 246 2418 Γ
244 2357 385 2440 αλατίας,
406 2357 467 2420 τών
478 2357 610 2437 Λιβύων
621 2356 676 2439 την
695 2359 750 2440 τῆς
761 2361 791 2421 Γ
790 2353 926 2442 ρανάτης
937 2354 1047 2440 χώραν
1068 2351 1153 2438 άγων

53 2459 112 2518 καί
124 2459 243 2540 φέρων,
261 2453 299 2520 οὗ
315 2459 447 2520 παύεται
467 2457 675 2535 διαπολεμῶν.
713 2461 767 2519 καί
779 2457 880 2541 φόρον
909 2461 969 2536 μὲν
992 2460 1107 2540 α’πάγει
1134 2457 1152 2522 ὃ

54 2558 114 2638 τῆς
135 2555 166 2618 Γ
163 2554 302 2640 ρανάκης
331 2559 466 2638 Λιβύων
487 2558 636 2636 βασιλεῦς
660 2561 703 2643 τῷ
733 2557 866 2640 Ἰβήρων
891 2563 1032 2638 βασιλεῖ,
1062 2555 1152 2624 ὁπότε

55 2656 239 2719 σπένδοιτο·
259 2653 408 2730 πολλάκις
430 2657 464 2720 δὲ
489 2654 668 2719 ἐπελαύνων
690 2661 852 2739 πολιορκεῖ
865 2679 899 2720 re
919 2659 975 2740 την
995 2656 1086 2722 πόλιν
1098 2661 1153 2723 καί
1159 2670 1179 2722 Β

58 2899 187 2950 excurrit.
223 2899 257 2950 ab
284 2899 396 2952 Oriente
415 2899 558 2950 Navarram
587 2907 615 2951 et
633 2899 747 2951 Galliam
774 2897 864 2950 habet.
901 2915 991 2951 vereor
1010 2899 1149 2954 meridiem

57 2967 193 3039 panditur
212 2971 241 3024 in
260 2972 479 3040 Turtagannam,
507 2987 576 3040 quae
595 2971 726 3020 maritima
756 2971 828 3036 regio
850 2977 937 3022 estet
957 2970 992 3022 eri
1011 2971 1148 3024 Oceanum

57 3057 87 3092 ee
107 3039 249 3107 extendit5
269 3043 351 3094 etiam
370 3045 479 3110 regione
499 3043 625 3102 Granum,
643 3057 712 3111 quae
728 3039 778 3090 rab
798 3041 946 3092 Poenorum
963 3043 1021 3094 eive
1038 3043 1149 3094 Mauro-

58 3129 117 3163 rum
137 3113 250 3180 imperio
278 3123 336 3176 ert,
358 3115 527 3166 terminetur.
568 3114 638 3164 intra
666 3111 737 3162 hanc
755 3109 844 3162 iacobi
871 3112 1023 3180 repuleram
1041 3113 1145 3166 vicitur.

56 3183 124 3234 binc
150 3183 303 3250 Portugaliu
333 3185 406 3252 regio
436 3185 580 3254 Hispaniae
604 3181 693 3242 cubit,
722 3197 792 3252 quoe
816 3199 844 3232 oe
869 3183 992 3235 extendit
1009 3183 1044 3236 ad
1064 3201 1146 3246 mare,

57 3253 135 3324 quod
153 3255 227 3305 intra
242 3257 382 3307 traiectum
402 3263 452 3317 ert,
470 3273 525 3324 quo
544 3257 650 3306 venitur
667 3252 701 3302 aci
714 3253 856 3304 Granatam
876 3255 1019 3322 regionem.
1056 3255 1147 3306 iberia

55 3341 119 3376 curn
139 3327 212 3392 regio
231 3327 266 3376 eit
284 3329 398 3378 maxima
416 3336 444 3377 et
461 3325 601 3386 ditissima,
620 3324 700 3378 urbes
720 3322 802 3375 habet
820 3325 913 3392 regiae,
931 3325 1081 3378 Dibitinam
1099 3341 1147 3376 ur·

55 3396 120 3446 bem
141 3412 263 3462 maguam
286 3405 313 3449 et
329 3398 499 3468 populosam,
517 3395 682 3458 Cordubam,
700 3395 850 3458 Morcicam,
870 3413 977 3448 necnon
994 3395 1099 3449 Lucium
1117 3403 1146 3446 et

55 3467 250 3520 Salamancanr.
288 3469 368 3520 etiem
387 3469 538 3538 sepulcrum
563 3469 654 3530 lecobi
673 3469 701 3517 in
724 3483 755 3518 ea
774 3467 890 3535 regione,
911 3469 985 3518 iuxta
1006 3467 1143 3516 Oceanum

55 3549 85 3590 et
111 3555 187 3590 mere
205 3547 362 3602 externum,
380 3539 486 3592 celebre
512 3548 560 3592 eet.
605 3537 638 3590 ad
667 3555 739 3588 mare
765 3555 827 3589 vero
851 3539 985 3590 internum
1006 3536 1145 3586 iberorum

55 3625 171 3680 quoque
198 3611 265 3676 regie
286 3618 355 3662 terra
375 3611 528 3680 porrigitur.
563 3609 715 3677 Portugaiia
740 3609 789 3660 cita
809 3617 850 3660 est
866 3610 938 3658 iuxta
957 3606 1108 3668 traiectum,
1127 3621 1144 3656 a

54 3683 178 3732 tiraoata
198 3681 351 3749 incipieus,
378 3699 461 3752 unque
484 3681 518 3732 ari
537 3683 678 3733 traiectum
699 3687 728 3730 et
746 3681 880 3730 internum
898 3693 970 3728 mare
990 3691 1143 3740 exorrrrene,

54 3751 145 3820 vergit
162 3754 192 3804 in
209 3751 333 3805 iberiam.
370 3753 499 3817 Gronau,
517 3767 587 3823 quae
605 3753 677 3820 regio
697 3748 890 3802 mediterranea
909 3754 959 3808 eet,
979 3747 1007 3796 in
1028 3745 1144 3800 iberiam

55 3832 86 3874 et
104 3821 224 3874 Galliam
240 3824 393 3892 procurrit,
421 3841 472 3876 nec
499 3824 613 3875 muitum
640 3823 683 3875 vel
705 3823 811 3874 interno
839 3819 881 3870 rei
900 3826 1011 3870 externo
1032 3817 1142 3871 Oceano

55 3893 152 3946 utitur.
189 3893 328 3946 iberorum
357 3911 403 3946 rer
427 3893 455 3946 in
481 3895 540 3945 istie
564 3893 669 3944 duabus
697 3889 852 3959 regionibus
872 3889 1016 3958 plurimum
1034 3897 1142 3959 poteet3

55 3966 105 4034 qui
132 3981 194 4016 caru
222 3966 258 4018 eit
283 3974 358 4018 ortae
381 3966 416 4016 de
441 3966 541 4016 familia
560 3965 675 4016 Almenii
697 3962 818 4024 Galliae,
843 3961 978 4012 Granetee
997 3961 1143 4028 regionem,

55 4051 128 4105 quae
150 4037 300 4088 Poenorum
326 4045 383 4100 ert,
412 4037 500 4089 serene
526 4041 608 4105 atque
625 4022 793 4100 ageuriheuri
818 4039 902 4083 cessat
920 4031 1022 4084 bellurn
1041 4049 1140 4100 gerere.

55 4123 103 4156 rex
124 4107 285 4170 poenorum,
305 4109 448 4160 Granatam
470 4107 517 4178 qui
537 4107 620 4174 regit5
637 4104 684 4156 ubi
702 4119 754 4174 pax
772 4101 918 4172 compotita
938 4103 1028 4164 suerit,
1046 4103 1141 4154 Ibero·

55 4195 113 4228 rom
133 4179 192 4248 regi
210 4179 340 4232 tributum
359 4178 470 4250 pendit3
496 4179 542 4248 qui
559 4175 693 4230 interdum
715 4191 854 4228 accurrenr
874 4173 966 4226 urbem
987 4172 1095 4226 obsidet
1113 4179 1148 4224 et.
