2730 4630
196 246 270 324 248
436 255 603 321 nloutcr
632 250 1018 320 culicocouurnau

194 417 228 490 ἐς
246 407 339 495 χεῖρά
360 432 395 474 τε
416 416 478 483 τοῖς
498 405 646 490 νεήλυσιν
669 404 829 491 α’φίκοντο,
853 403 907 468 κατ’
926 399 1086 484 οἰσόμενοι
1109 398 1293 481 ἐξεοόσαντο

193 505 423 592 καταβαλόντες
444 505 507 572 α’πό
528 507 586 572 τοῦ
604 508 738 588 τείχους.
779 506 836 568 κατ’
852 499 896 576 ὥς
917 499 1108 586 ἐξεκρούσθη
1125 499 1164 566 τά
1187 526 1293 582 στρα-

193 609 337 691 τεύματα
359 605 415 671 καί
433 607 473 670 ου’
491 602 668 689 προεχάρει
690 603 775 690 ου’τρῖ
795 601 815 685 ή
836 603 893 684 τῆς
910 601 1030 675 πόλεως
1049 603 1181 686 αἵρεσις,
1202 600 1293 684 α’πή-

191 733 267 794 γαγε
288 705 343 773 τόν
364 703 498 790 στρατόν
519 707 573 769 κατ’
595 701 775 788 ἀπήλαυνεν
798 703 846 766 ἐπ’
866 699 963 766 οἴκου.
983 695 1129 784 όπαρχον
1151 703 1186 765 δὲ
1209 703 1289 764 ε’πι-

192 809 311 890 στήσας
339 811 378 894 τῇ
397 808 539 872 suuntur
566 827 601 868 rs
628 801 683 866 aad
702 803 862 883 Ἱλλυριῶν
884 802 976 888 χοόρρι
1005 795 1106 882 ἄνδρα
1124 803 1186 866 retu
1208 803 1317 882 παρ’5

191 907 279 996 udrqi
304 908 433 990 μεγέθει
464 902 638 986 δυνάμενον
663 903 718 966 καί
737 902 823 990 ndrqi
853 902 905 964 ἐπι·
927 903 965 986 τῇ
994 900 1118 986 α’δελφή
1140 899 1291 983 γαμβρόν

190 1005 372 1090 γενόμενον,
394 1007 448 1069 καί
468 1001 605 1086 στρατόν
625 1024 659 1067 rs
688 1003 861 1084 ἐπιτρέψας
882 996 1011 1078 πεζόντε
1031 995 1099 1080 άμα
1121 1004 1175 1063 κατ’
1194 997 1289 1064 irrue.

162 1109 254 1189 Βκόν,
277 1099 488 1188 ederedeseie
516 1101 679 1186 Ἰλλυριῶν
709 1103 855 1184 ἐσβαλεῖν
876 1097 997 1185 χάραν,
1017 1101 1123 1184 διήκεν
1142 1102 1288 1164 ἐνταῦθα

191 1206 230 1271 τό
252 1201 483 1287 στρατοόματα.

268 1299 305 1368 ‘0
330 1306 390 1384 μὲν
424 1295 480 1368 σόν
504 1294 668 1386 Ἰλλυριῶν
689 1295 841 1382 βασιλεὺς
873 1331 911 1346 -
933 1295 1072 1382 Πόοθνη
1091 1300 1128 1363 δὲ
1147 1297 1167 1381 ή
1189 1297 1331 1380 χώραιν)

192 1400 275 1490 αότή
296 1407 444 1486 καλεῖται,
467 1400 522 1468 καὶ
541 1398 627 1466 ἔστιν
646 1399 772 1483 ήχαόρα
796 1394 880 1484 αότη
895 1402 1028 1484 τραχεῖά
1044 1422 1077 1464 τε
1101 1399 1157 1464 καί
1175 1397 1285 1484 όρεινή

190 1501 285 1583 πάνυ,
309 1499 407 1582 διήκει
432 1503 468 1566 di
488 1498 541 1566 s'rrl
557 1499 730 1586 Ἰλλυριούς
750 1499 825 1574 νοός
841 1499 920 1582 πρός
938 1497 991 1566 τὸν
1007 1497 1125 1564 Ἰόνιον
1144 1498 1287 1587 ᾠκισμέ-

190 1627 264 1679 νους
283 1603 368 1688 παρά
394 1599 453 1687 τήν
471 1601 648 1667 θάλασσαν.
689 1598 755 1666 ἔστι
784 1601 820 1666 δὲ
839 1595 924 1688 αὐτῷ
951 1604 1098 1682 βασιλειο
1117 1601 1174 1663 καί
1191 1598 1285 1674 πόλις

191 1705 223 1767 Γ
220 1705 307 1768 uitta
332 1703 528 1785 καλουμένη,
559 1702 615 1766 κατ’
637 1695 774 1782 ποταμός
794 1703 871 1786 παρ’
895 1701 980 1787 adegi
1010 1700 1090 1785 ῥέων
1110 1701 1236 1763 ἐνδιδοῖ
1250 1703 1286 1773 ἐς

183 1794 315 1886 Ἴστρον.
357 1791 449 1875 οὗτος
479 1804 538 1882 μὲν
563 1799 603 1884 δή
627 1799 645 1863 o‘
666 1801 727 1865 τῶν
751 1798 915 1884 Ἰλλυριῶν
933 1797 1097 1884 βασιλεός,
1118 1799 1162 1874 οἷς
1185 1801 1285 1884 δήου-
1294 1811 1326 1864 15

189 1905 285 1985 μένης
304 1903 390 1987 αότρῑ
402 1899 462 1963 siud
482 1899 609 1980 Ἰσάμου
622 1902 677 1984 τῆς
688 1899 810 1983 χώρας,
832 1896 875 1974 τός
897 1899 1031 1984 στρατόν
1043 1923 1078 1964 τε
1091 1898 1284 1982 συναγαγών
1349 1957 1350 1964 ,

191 1996 286 2086 ήνυεν
301 2001 405 2080 ου’δέν,
421 1997 497 2063 midi
509 2002 543 2075 ἐς
551 2007 662 2083 χεῖρας
673 2002 777 2064 ἐλθεῖν
794 1999 941 2083 ἠνέσχετο
956 2003 1000 2086 aqi
1015 2002 1283 2082 βασιλέαςστρα-

190 2105 247 2188 rq'l,
267 2103 413 2183 πρέσβεις
443 2122 478 2162 τε
498 2094 623 2180 ἔπεμψα
651 2097 740 2184 παρά
766 2101 916 2184 βασιλέα,
938 2100 993 2164 καί
1017 2099 1146 2178 ἐτάξατο
1180 2099 1283 2184 φόρον

192 2197 325 2284 ἀπάγειν
345 2201 402 2264 τοῦ
424 2195 576 2264 ἐνιαυτοῦ
593 2197 754 2286 μυριάδας
776 2196 835 2263 δόο
852 2202 978 2282 χρυσοῦ
997 2202 1054 2264 καί
1074 2223 1282 2281 πεντακισχι-

193 2303 289 2374 λιόυς.
331 2296 483 2383 βασιλεός
506 2299 541 2361 δὲ
559 2298 708 2380 προσίετο
730 2301 785 2364 καί
803 2297 942 2376 σπονδάς
964 2300 1099 2363 εἰιοιεῖνο
1116 2293 1219 2384 αότῷ.
1289 2305 1322 2360 20

109 2433 113 2448 ι
165 2421 187 2474 c
283 2396 405 2464 Tov'iou
426 2401 461 2464 di
484 2401 541 2482 τής
559 2398 669 2481 χώρας
687 2394 793 2480 ἔχεται
813 2393 834 2482 ἦ
855 2400 915 2462 τοῦ
936 2396 1102 2483 Στεφάνου
1120 2399 1177 2462 τοῦ
1198 2399 1282 2462 Σαν-

89 2496 298 2570 Ὴθλδάλεοι
316 2496 427 2584 χώραν’,
451 2494 616 2584 Ἰλλυριῶν
633 2496 667 2562 τό
688 2501 794 2582 γένος,
822 2493 1009 2582 καθήκουσα
1037 2499 1091 2570 ἐπὶ
1112 2496 1282 2564 θάλασσαν

192 2812 333 2864 nrasimtnr
352 2810 471 2878 capiunt.
507 2811 673 2878 colliguntur
691 2812 719 2862 in
737 2829 819 2864 unum
839 2809 979 2882 oppidani,
996 2818 1026 2863 et
1041 2825 1135 2862 manus
1152 2826 1211 2861 cum
1230 2828 1278 2880 pe·

193 2884 305 2950 regrinis
333 2883 439 2934 fortiter
468 2892 628 2944 conserunt,
650 2899 718 2952 quos
736 2883 866 2952 impulsos
891 2899 984 2950 aragus
1009 2881 1036 2932 vi
1064 2881 1093 2932 in
1114 2881 1278 2948 iugamver.

192 2962 268 3012 tunt,
298 2961 326 3003 et
353 2951 388 3002 ds
411 2953 553 3004 moenibus
579 2953 724 3004 deturbant
749 2963 855 3004 exactos
874 2953 949 3003 urbe.
987 2951 1036 3003 hac
1055 2953 1137 3020 igitur
1157 2968 1206 3020 spe
1231 2970 1277 3003 ca-

191 3025 308 3092 piendae
332 3022 405 3073 urbis
424 3024 553 3086 frustrati,
573 3025 636 3094 qula
655 3025 788 3093 peregrini
812 3024 918 3076 lortitsr
936 3023 1041 3092 expulsi
1063 3031 1148 3087 erant,
1167 3027 1279 3074 Amurs-

190 3101 232 3144 tes
262 3111 321 3145 cum
348 3093 510 3147 exercitibus
535 3093 664 3146 abscessit
685 3103 714 3145 et
737 3093 845 3146 domum
872 3095 910 3146 ire
931 3092 1080 3146 contendit.
1117 3093 1278 3162 Scopiorum

190 3182 255 3216 vero
276 3172 304 3214 et
324 3163 491 3228 illyricorum
513 3165 615 3232 regioni
636 3166 798 3233 praefectum
817 3165 894 3216 dedit
913 3166 997 3216 virum
1011 3165 1165 3234 primarium
1185 3182 1277 3216 suum·

191 3251 245 3305 qus
265 3237 413 3299 sororium3
433 3236 475 3286 cui
494 3236 606 3288 tradidit
624 3234 763 3304 pedestres
780 3243 809 3288 et
827 3243 966 3306 equestres
978 3238 1079 3306 copias,
1098 3243 1128 3288 ut
1145 3237 1277 3288 incursio·

191 3323 253 3362 nem
273 3307 300 3357 in
320 3305 456 3371 illyricum
475 3307 562 3358 iacere
581 3315 681 3376 posset.

262 3393 430 3460 illyricorum
454 3409 499 3446 rex
519 3394 628 3445 Bossina
648 3393 763 3460 regionis
781 3393 857 3445 illius
878 3409 978 3445 nomen
995 3401 1051 3458 est3
1076 3409 1145 3462 quae
1165 3409 1225 3444 cum
1243 3395 1278 3446 sit

190 3479 284 3533 aspera
298 3471 471 3527 stmoutnna,
482 3466 627 3534 porrigitur
639 3481 723 3535 usque
736 3463 771 3516 ad
783 3465 913 3530 illyricos,
926 3465 974 3534 qui
985 3464 1107 3515 incolunt
1120 3464 1277 3516 maritimam

190 3537 259 3586 lonii
280 3535 424 3602 regionem.
461 3543 502 3586 est
523 3543 551 3587 et
568 3535 630 3586 urbs
650 3535 781 3606 regnique
799 3534 876 3586 seties
891 3537 979 3587 Gnitis
999 3537 1053 3586 sire
1067 3534 1158 3596 initus,
1179 3543 1207 3585 st
1227 3535 1277 3586 llu-

190 3609 249 3656 vlus
269 3609 315 3675 qui
336 3623 394 3657 eam
421 3603 501 3657 alluit
520 3603 613 3676 (quem
642 3605 783 3658 Wkrlnam
800 3615 911 3672 vocant3
941 3606 964 3658 is
981 3605 1008 3657 in
1026 3605 1122 3657 Savum
1141 3605 1210 3674 exit)
1229 3605 1276 3676 qui

190 3675 290 3728 deinde
309 3677 337 3727 in
359 3679 452 3730 istrum
470 3677 635 3728 exhauritur.
673 3677 717 3727 iric
731 3678 896 3744 illyricorum
915 3695 960 3728 rex
978 3694 1025 3728 suu
1041 3677 1151 3742 regione
1169 3675 1204 3728 ub
1222 3678 1277 3728 iss·

188 3763 233 3796 ιτιο
255 3756 355 3800 vastata
376 3749 523 3799 exercitum
543 3749 716 3816 comparavit.
750 3750 851 3800 veritus
868 3757 958 3799 autem
977 3763 1038 3799 cum
1056 3747 1190 3798 Amurstis
1210 3763 1276 3800 con-

189 3816 281 3883 digere
300 3821 431 3882 exercitu,
450 3820 551 3886 legatos
564 3820 643 3880 misit,
662 3819 708 3888 qui
728 3817 850 3871 dicerent
866 3835 895 3870 se
914 3827 1035 3890 paratum
1054 3833 1124 3883 esse,
1141 3819 1164 3868 si
1184 3833 1276 3886 pacem

189 3887 352 3956 impetraret,
373 3892 517 3958 quotannis
535 3891 628 3956 viginti
649 3891 772 3959 quinque
792 3891 866 3940 milia
890 3906 1031 3940 citreorum
1049 3889 1145 3941 tributi
1166 3889 1274 3942 nornine

189 3959 318 4009 conferre.
357 3977 402 4010 rex
421 3964 557 4012 dmurstes
576 3960 627 4012 isac
644 3960 803 4012 condicione
821 3977 912 4030 pacem
930 3959 1015 4012 dedit.

259 4045 327 4096 iiuic
346 4048 449 4114 regioni
469 4047 573 4099 adiacet
591 4047 721 4118 Stephani
746 4048 871 4101 Sandaiis
890 4048 939 4100 liiii
956 4049 1040 4116 regio,
1058 4061 1136 4118 quqm
1155 4061 1220 4112 gens
1239 4045 1275 4095 ii-

113 4181 117 4189 ⁸
187 4115 271 4183 lyrica
290 4123 381 4186 tenet5
401 4127 430 4172 et
456 4135 485 4174 se
504 4117 626 4174 extendit
643 4117 677 4172 nd
697 4121 802 4175 iunium
827 4147 840 4174 s
856 4145 869 4172 ι
903 4118 971 4172 ilaec
992 4119 1068 4173 nstin
1089 4134 1149 4172 cum
1168 4116 1274 4184 illyrica
