2610 4618
259 309 314 370 DE
342 307 470 372 REBUS
497 305 685 374 wuctcls
714 310 750 372 L.
770 311 809 372 X.
997 307 1069 382 563

18 453 126 538 όματος
146 457 276 542 ἐκείνου,
295 457 350 523 καλ
368 457 423 524 dni
443 465 510 534 τοῖς
539 457 711 538 μέλλουσιν
732 455 866 528 ἔσεσθαι
882 461 1069 547 ιόόαιμονόα

18 580 29 632 ς
48 560 145 622 ἐκεῖνο
160 556 200 652 ,τὸ
220 561 319 640 γόνος.

70 659 165 722 Τοῦτο
185 659 244 736 μὲν
265 659 300 723 όν
323 657 486 749 Βυζαντίῳ
508 663 655 744 γενέσθαι
675 655 885 741 ἐπυθόμεθα·
911 659 983 728 ddi
1004 667 1068 728 τάν

17 760 90 836 spois
110 754 249 840 ἤγεμάν,
286 757 329 835 oie
351 758 413 842 οάχ
444 757 513 844 άρα
542 758 645 826 iddare
674 761 760 847 oru'rpi
780 752 860 824 εἶναι
879 765 1068 844 προσβαλεῖν

20 864 51 928 ἴς
72 853 200 939 πόλεσι,
230 861 394 922 κατέλιπεν
420 859 479 938 μὲν
511 861 544 924 όν
576 861 614 944 τῇ
637 858 767 946 Σπάρτῃ
785 857 907 944 Ὀμάριγ
925 862 980 926 καὶ
998 855 1066 943 ἅμα

17 957 66 1041 ι’τρ]
98 955 230 1042 Ἀσάνη,
261 955 320 1033 σάς·
335 960 448 1042 λόγους
471 982 505 1022 τε
527 959 559 1035 ἐς
589 955 664 1031 roric
681 955 884 1040 Σπαρτιάτας
905 965 1160 1041 πάμποιεν.Ρ.301

16 1062 31 1120 ι’
60 1055 312 1140 ὑποστρέψαντες
341 1059 374 1134 ἐς
404 1058 444 1124 τά
472 1060 571 1124 οἰκεῖα
601 1055 662 1122 άπά
682 1079 715 1122 τε
743 1059 800 1124 τοῦ
832 1057 990 1142 Ταινάρου
1011 1063 1068 1124 καί

16 1159 164 1238 ιιόιιόρου
195 1161 249 1220 καί
277 1159 339 1220 τάν
367 1151 471 1224 άλλαν
492 1155 640 1242 γαρόταν,
669 1157 722 1222 ἵνα
751 1160 863 1222 αάτόιια
889 1156 1065 1240 πυθόμενοι

16 1258 50 1330 lg
74 1255 244 1331 Ουἐνετούς
264 1256 399 1322 ἐκλιπεῖν
419 1256 469 1324 τόν
488 1257 630 1340 Ἰσθμόν,
653 1256 708 1322 καί
729 1261 906 1324 διενοοῦντο
927 1256 1064 1335 ἐπιόντες

25 1361 85 1420 τοῦ
116 1353 260 1438 ἡγεμόνος
290 1351 485 1438 repereram.
538 1349 625 1422 orirer
653 1361 713 1439 μὲν
741 1349 795 1422 σόν
823 1360 1011 1444 ἀφικόμενοι
1031 1361 1065 1436 ὃς

15 1481 26 1514 ν
50 1453 197 1540 Σπάρτην
216 1453 328 1538 λόγους
348 1479 382 1520 τε
402 1463 468 1530 τοῖς
481 1454 695 1540 Σπαρτιάταις
711 1461 918 1543 προσέφερον,
940 1461 998 1523 καί
1015 1481 1064 1522 τι-

15 1579 26 1628 ς
50 1553 85 1618 ἐν
108 1560 253 1638 ἐρυμνοῖς
272 1557 375 1620 αάτοῦ
390 1553 489 1639 ταότγγ
509 1547 603 1632 ὄντας
625 1558 789 1632 πείσαντες
809 1557 983 1644 κατῴκισαν
1003 1551 1065 1622 αό-

14 1679 23 1728 ;
59 1656 92 1731 ἐς
118 1651 173 1737 τὴν
201 1651 303 1719 πάλιν.
351 1655 407 1718 καί
432 1663 497 1732 τοϊς
528 1656 562 1720 ἐν
587 1655 733 1744 Ταινάρῳ
759 1655 815 1720 κατ’
832 1659 871 1744 τῇ
892 1659 1064 1744 Λακωνικῇ
1104 1653 1112 1670 '

14 1775 105 1818 απαν
125 1749 293 1838 ὁἈσάνης
311 1753 491 1838 παρεκάλει,
515 1759 612 1840 λόγων
625 1755 710 1822 τάδε.
751 1750 884 1842 ιιάνόρες
898 1759 1063 1842 &rapue-

14 1877 33 1936 ι,
59 1849 153 1936 όριῖττ
182 1853 282 1937 δήπου
311 1847 364 1920 σόα
390 1852 428 1918 τά
455 1853 614 1921 Οάενεταῑν
642 1854 813 1941 πράγματα
832 1856 1061 1940 κατενήνεκται,

23 1947 102 2017 ὅτου
125 1953 259 2034 πόλεμον
292 1958 422 2035 βασιλεῖ
436 1953 660 2040 άνσιροάμενοι
685 1958 833 2042 ἐνταῦθα,
853 1959 905 2024 ἵνα
927 1959 982 2041 τῆς
1003 1959 1061 2022 δυ-

13 2075 96 2126 ιεως
111 2051 218 2117 ου’τάν
239 2057 321 2136 μέγα
342 2059 439 2138 μόρος
458 2055 659 2134 ε’πιόειξαιντ’
679 2053 718 2122 riv
740 2051 878 2138 μάλιστα
899 2061 932 2122 όν
955 2063 1090 2124 Helo-B

13 2153 122 2240 ννὴσιρ,
142 2150 186 2228 τάς
207 2151 403 2237 ἐτελεύτησεν
427 2151 515 2240 ου’τῷ
534 2150 574 2216 τά
608 2155 684 2240 περὶ
701 2153 756 2220 τόν
772 2151 907 2236 Ἰσθμόν
926 2155 983 2220 καί
1003 2147 1060 2220 άλ-

12 2283 20 2310 e
49 2253 161 2337 χάραν
180 2257 236 2336 τῆς
256 2251 515 2338 Πελοποννήσου,
534 2251 613 2320 ἔνθα
634 2257 864 2337 aediluualdus
884 2250 904 2337 ἦ
927 2255 1061 2334 δόναμις

12 2355 111 2420 rodeis
140 2377 174 2418 τε
200 2351 388 2442 άπιρκισται,
420 2357 476 2418 καί
507 2352 613 2420 αότάν
639 2379 675 2437 γε
708 2356 744 2420 δὲ
776 2359 838 2422 τάν
862 2353 1060 2438 Olaurum?

12 2477 106 2536 ιαμις
127 2450 159 2528 ἒς
180 2452 218 2518 τά
238 2453 377 2534 μάλιστα
402 2447 579 2538 ἤθροισται.
620 2453 650 2518 εἰ
667 2453 729 2536 γάρ
750 2453 806 2518 τὸν
827 2459 983 2536 βασιλέως
1004 2458 1061 2518 θε-

12 2579 107 2620 τσντα
128 2550 254 2618 ἐπιόντα
275 2555 386 2640 σφίσιν
409 2553 471 2636 οόχ
492 2546 599 2618 οἷοίτε
619 2555 759 2637 ἐγένοντο
781 2556 945 2636 δέξασθαι,
968 2555 999 2620 τό
1021 2545 1060 2619 du

39 2723 84 2774 12.
103 2721 268 2792 κατῴκησαν
280 2721 299 2774 Ρ

12 2907 19 2940 r
44 2901 125 2940 omen
144 2885 275 2936 maximae
295 2883 441 2948 felicitatis,
459 2902 529 2956 qnae
547 2885 748 2956 apprehensura
766 2887 876 2940 alaeam
894 2895 1001 2956 gentem
1022 2904 1056 2940 en

12 3003 13 3010 ,
40 2955 112 3010 illud
129 2955 240 3006 cadaver
259 2954 406 3008 sleseeudit.

36 3031 97 3080 lloo
116 3025 225 3096 quidem
248 3025 367 3094 Byzantii
386 3025 529 3094 contigisse
554 3026 712 3078 audivimus.
758 3027 898 3078 ianuarum
925 3027 980 3080 dux
1006 3027 1054 3080 ubi

12 3099 161 3153 madvertit
176 3115 269 3167 parum
289 3105 470 3166 opportunum
499 3114 555 3149 esee
577 3097 656 3150 urbes
675 3113 839 3166 oppugnare,
857 3099 969 3168 Spartae
989 3099 1054 3150 reli-

12 3183 23 3226 ι
47 3171 174 3222 Ornarem
193 3177 220 3220 et
239 3170 360 3232 Asanam,
381 3175 410 3219 ut
428 3167 593 3238 colloquium
620 3167 754 3220 heberent
772 3186 832 3222 curn
856 3167 874 3222 S
895 3170 1004 3220 artanir.
1025 3167 1054 3220 hi

12 3261 58 3304 n,
79 3239 126 3290 ubi
148 3240 337 3290 intellexerant
359 3237 476 3290 Venetos
500 3239 601 3291 lstlsmo
627 3238 784 3302 decessisse,
811 3241 844 3292 ab
874 3187 998 3294 Ιλ’τετιιιτο
1026 3247 1055 3291 et

12 3315 106 3364 rluuro
124 3319 153 3362 et
170 3310 203 3360 ab
228 3311 291 3360 aliis
308 3309 374 3362 locie
395 3309 431 3361 ad
454 3325 502 3360 sua
521 3309 618 3362 reversi
645 3309 812 3362 conabantur
830 3327 878 3362 sus
894 3309 1053 3364 defendere.

20 3387 56 3436 lli
77 3385 198 3452 Spartam
217 3381 355 3432 venientes
373 3395 521 3432 termonem
539 3397 599 3432 curn
619 3380 757 3450 Spartanis
775 3381 902 3432 habuere.
939 3379 1054 3452 quibus·

12 3479 21 3508 ι
46 3456 141 3512 etiarn,
159 3452 206 3522 qui
224 3453 252 3504 in
270 3450 336 3502 locis
353 3451 538 3502 munitissimis
557 3467 586 3502 ae
603 3451 742 3514 tenebant,
763 3445 965 3521 persuaserant
983 3451 1054 3504 redi·

12 3539 21 3580 t
45 3527 75 3576 in
96 3523 196 3574 urbem.
233 3527 366 3594 caeterum
385 3522 494 3574 miraeus
513 3523 613 3574 Aranee
638 3520 673 3573 ad
696 3541 741 3574 eos
762 3523 808 3590 qui
832 3521 1006 3573 versabantur
1023 3525 1053 3574 in

17 3610 92 3650 maro
112 3603 140 3646 et
161 3593 291 3654 Laconia,
318 3593 356 3643 sio
375 3609 421 3644 eos
448 3589 606 3644 adhortatus
625 3602 673 3645 eat.
710 3591 781 3642 “viri
801 3593 936 3661 Spartani,
955 3591 1053 3646 ridetis

18 3673 106 3724 irum,
125 3664 176 3715 uisi
203 3661 275 3714 caeci
296 3665 369 3724 estin,
388 3679 442 3733 quo
464 3663 518 3714 loci
538 3661 703 3716 Venetorum
734 3679 774 3714 res
793 3663 918 3714 redactae
937 3665 1000 3724 aiut,
1019 3681 1052 3716 ex

34 3736 145 3790 bellum
171 3735 225 3801 regi
257 3733 412 3786 indixerunt
436 3741 463 3785 et
492 3735 632 3786 maximam
658 3735 796 3804 potentiae
816 3751 880 3786 suae
899 3743 1003 3804 partem
1022 3734 1052 3787 in

12 3823 165 3946 t'tttzt’,
180 3813 364 3943 ttfllzttl
383 3805 692 3944 ‚illittltlatt
709 3803 1050 3946 ltttlflgtfltllt

12 3973 39 4006 m
70 3947 229 4016 longissime
256 3945 359 4000 luerint
388 3956 522 4010 remotae,
550 3954 579 4000 et
605 3947 657 4018 ipsi
679 3963 758 4018 quam
787 3947 902 3998 manime
920 3947 949 3998 in
969 3965 1050 3998 unum

12 4024 82 4078 εστὶ.
121 4020 142 4071 si
165 4019 265 4086 regium
285 4035 391 4070 serrum
403 4017 540 4072 hostiliter
556 4015 700 4072 adeuntem
718 4017 849 4070 sustinere
861 4019 1049 4088 nequiverunt,

12 4097 22 4148 Ι
48 4095 173 4146 futurum
191 4097 257 4154 erat,
274 4089 296 4140 si
317 4105 362 4140 ren
380 4091 439 4160 ipse
461 4105 591 4142 unacum
609 4089 695 4141 innuis
713 4089 741 4140 in
762 4089 976 4158 Peloponnesum
997 4091 1048 4140 im·

12 4184 52 4220 rm
74 4159 218 4216 dedisset?
255 4159 376 4232 prolecto
404 4159 495 4214 nullus
525 4159 599 4214 locus
617 4161 647 4214 in
668 4159 852 4232 Peloponneso
871 4159 1047 4214 iuisretreli-
