2610 4618
287 301 343 364 DE
371 301 499 366 REBUS
517 300 704 368 TURCICiS
733 305 770 367 L.
788 306 830 367 X.
1029 298 1099 369 557

4 461 109 542 ἑχθη
132 453 239 529 αῦτοίς
261 449 392 516 τοιόνδε.
434 445 477 526 οῦς
497 451 557 536 γὰρ
575 449 791 536 ἐπεκράτησαν
803 455 861 518 τοῦ
876 449 1025 538 Ἀργοῦς,
1047 454 1102 518 soi

10 555 161 641 οὴθειαν
182 551 329 634 ἔπεμπον,
352 552 576 635 ἐπιτρέψαντες
599 553 693 636 α’νῦρί
707 551 888 643 Ἱερωνύμῳ
910 552 1100 638 Βερνιὲρδαν
1194 609 1203 626 ,

7 660 127 741 sirenue,
150 654 205 717 ταί
224 652 434 724 ίπιτείλαντες
453 649 498 726 οῦς
515 645 556 715 siv
569 647 621 714 deci
643 653 702 714 τοῦ
725 655 870 735 αἰγιαλοῦ
882 651 1000 736 προϊών
1020 653 1099 738 ripi-

7 779 95 820 οιτο
119 757 152 829 ἐς
170 752 207 816 τῦ
221 745 350 834 Ἄργος.
395 747 411 812 ὅ
438 752 474 814 δὲ
493 747 670 834 ἀπειθήσας
689 745 741 839 ᾔει
760 751 816 836 την
834 751 1018 836 μεσόγαιαν,
1040 756 1100 838 ps.

12 877 131 920 ουσαν
153 849 206 915 ded
228 853 285 932 τῆς
308 845 478 932 ῦπωρείας.
521 849 659 914 ἐνταῦθα
682 847 712 914 oi
736 853 866 933 Τοῦρνοι
890 856 1132 936 apotolicae-n

6 975 52 1028 ες
83 949 142 1036 τὴν
162 951 216 1014 ε’πί
232 951 275 1037 αρ’
298 941 409 1030 Ἀργει
429 946 524 1028 rido'v,
545 950 598 1010 καί
623 947 810 1023 ὑπείσαντες
841 945 959 1034 ἄνδρας
977 945 1200 1034 inanimum

0 1056 162 1131 νέμενον
179 1047 211 1112 εἴ
223 1071 255 1112 τι
275 1047 351 1133 οἶπίη
374 1049 407 1120 ἐς
424 1047 578 1128 τιμωρίαν
598 1051 695 1131 φέρον
707 1055 774 1124 τοῖς
795 1049 956 1130 Ἀργείοις.
998 1048 1042 1123 οῦς
1063 1051 1098 1114 ti

5 1153 118 1234 ω’ρων
139 1147 192 1214 τὸν
209 1145 398 1231 Ἱεροῦναμον
417 1137 533 1228 ῦγοντα
554 1144 627 1218 τοῦς
641 1140 762 1232 ἄνδρας
781 1144 836 1214 ἐπί
854 1147 889 1212 τὸ
906 1143 1023 1232 ’Ἀργος
1044 1148 1099 1214 deri

12 1253 63 1334 ἧς
87 1249 268 1330 μεσογαίοο,
290 1243 452 1330 ἔφθησαν,
481 1241 539 1327 τήν
561 1267 595 1308 τε
627 1244 936 1329 caenomanico
958 1247 1102 1330 αίγιαλὸν

11 1347 252 1428 αταλαβῦντος,
274 1349 309 1411 ἐν
336 1344 636 1434 μέσιριποιησασθαι
668 1347 726 1430 τὴν
755 1347 916 1414 odotem
934 1345 1098 1432 βοήθειαν.

10 1451 62 1512 αι’
84 1443 127 1522 ῦς
147 1448 307 1529 ἐποίησαν,
329 1447 505 1529 ἐτρέψαντο
526 1445 642 1508 αῦτίιια
662 1442 805 1526 τοῦτοας,
820 1447 876 1509 καί
890 1447 1100 1532 διαφθείροι.

5 1571 52 1622 ες
78 1549 111 1620 ἐς
133 1545 313 1619 διακοσίους
341 1540 471 1617 τοῦτοος
499 1541 690 1627 ἐζώγρησαν.
739 1543 836 1620 odric
860 1568 895 1610 τε
917 1542 1198 1630 ‘deprimentem

14 1649 142 1731 ιέφιιγε
162 1645 205 1729 μὴ
228 1643 416 1708 ἀπολέσθαι.
458 1637 558 1724 ἐμβὰς
575 1645 611 1708 oi
629 1645 663 1719 ic
682 1649 791 1708 πλοῖον
806 1641 906 1732 ταῦτη
924 1666 987 1708 που
1008 1641 1100 1727 ὅρμι-

0 1743 154 1827 ὀμενον,
177 1745 376 1828 ἐπηγγέλλετο
397 1741 441 1820 αἱς
462 1740 525 1806 ῦπῦ
550 1743 606 1807 τοῦ
624 1746 801 1826 στρατηγοῦ
819 1746 934 1826 παρείη
954 1745 1100 1808 πλεῦσαι

11 1843 63 1927 ἠν
87 1839 234 1924 Αἴγιναν.
281 1839 322 1916 ὥς
353 1843 389 1906 oi
409 1839 464 1906 ina·
491 1836 628 1924 Αἴγιναν
657 1844 807 1926 α’φίκετα,
828 1833 926 1918 αὖθις
957 1843 1100 1908 ἐκέλευεν
1150 1844 1154 1860 ’

19 1937 107 2006 dcciv
128 1943 385 2024 διαπορθμεῦσαι
415 1943 447 2018 ἐς
468 1933 616 2024 Εῦβοιαν.
671 1937 785 2022 ἐπιβὰς
806 1943 842 2006 it
863 1944 896 2017 ἐς
918 1937 976 2025 την
992 1941 1099 2008 ’Arre-

15 2039 74 2126 η’ν,
94 2043 240 2104 ἐντεῦθεν
259 2037 390 2123 α’φίνετο
413 2038 498 2122 παραὶ
519 2042 666 2121 βασιλέα.

93 2131 193 2214 Οῦτος
212 2140 271 2220 μὲν
289 2129 344 2202 οῦν
373 2140 414 2202 ου’
433 2143 538 2228 πολλῷ
565 2133 697 2226 ῦστερον
719 2135 816 2216 reddre
836 2143 869 2217 ἐς
890 2138 963 2215 τοῦς
984 2139 1100 2206 Oriens.

1 2237 82 2314 ,σῦς
105 2237 312 2321 ῦποστρέψας
331 2237 455 2320 χαλεποὶ
477 2237 653 2304 ἐπεπόνθει.
695 2239 726 2304 oi
748 2244 852 2320 μέντοι
880 2240 1099 2319 Oinoandois

0 2382 1 2385 =
19 2340 244 2427 ροίσχομίιαν
263 2343 329 2402 sris
348 2341 441 2426 ἔντη·
464 2341 695 2430 Πελοποννήσῳ
714 2339 869 2424 Ἑλλήνων
891 2359 927 2406 ss
955 2337 1023 2420 ῦίμα
1044 2339 1100 2408 καί

0 2624 61 2660 nn
83 2623 140 2658 cum
159 2605 310 2674 ducesuo,
336 2609 384 2678 qni
405 2607 610 2660 condicionibus
629 2607 791 2680 quibusdam
819 2587 1098 2660 intercedentibnsse
1202 2607 1210 2624 ”

31 2678 121 2730 enetis
139 2675 279 2742 dedidere,
300 2695 369 2750 qnos
387 2680 458 2749 passi
478 2687 541 2730 sunt
558 2680 632 2731 abire
649 2681 795 2732 inviolatos
812 2688 840 2730 et
858 2681 1016 2732 incolumes.
1045 2679 1098 2730 hoe
1183 2741 1187 2748 .

31 2747 88 2798 orio
110 2749 154 2800 isti
182 2750 297 2800 exitium
325 2749 468 2802 imminens
497 2758 647 2802 evaserunt„
685 2750 784 2803 Veneti
803 2753 872 2818 drgo
892 2749 960 2814 urbi,
979 2767 1049 2820 quaa
1067 2750 1097 2802 in

2 2820 143 2873 iicionem
161 2827 289 2880 venerat,
313 2821 476 2888 praesidium
503 2821 702 2889 imposuerunt,
728 2821 821 2874 relicto
845 2819 947 2872 ibidem
969 2829 998 2872 st
1018 2819 1096 2872 duce.

1 2892 53 2944 sbi
76 2889 226 2942 huiusmodi
246 2905 320 2940 casus
337 2891 450 2942 Venetis
468 2891 574 2946 accidit.
593 2900 641 2962 χιιι
658 2891 730 2942 enirn
749 2891 829 2960 potiti
848 2899 910 2944 sunt
927 2894 1007 2960 drgo,
1028 2889 1097 2942 snb-

16 2964 138 3014 sisernnt
163 2961 291 3012 auritium
319 2958 388 3012 duce
418 2962 579 3030 Hieronymo
612 2961 646 3013 de
672 2963 776 3014 familis
803 2961 1013 3025 Bemardorum;
1051 2963 1096 3014 cui

1 3039 178 3103 ,raeceptum
212 3041 269 3084 erat
291 3039 322 3084 ut
351 3047 399 3100 per
419 3033 493 3084 iittns
522 3033 666 3084 auxiliares
684 3033 784 3084 ducens
803 3043 927 3104 pergeret
944 3039 1035 3098 Argos·
1073 3032 1097 3082 is

16 3109 163 3170 ontempto
186 3103 298 3172 irnperio
318 3103 486 3169 magistratus
505 3103 635 3154 euxiiinre
653 3119 748 3171 agmen
773 3104 849 3156 ducit
869 3119 920 3172 per
935 3101 1098 3154 mediterra-

1 3191 85 3228 neam
104 3173 249 3240 regionem,
269 3173 439 3224 iterfaciens
460 3190 509 3243 per
537 3174 651 3225 radicem
672 3176 781 3228 montis.
818 3175 857 3226 ibi
879 3183 935 3225 tum
953 3173 1035 3223 'iurci
1053 3171 1098 3224 10⁴

1 3263 67 3296 *um
85 3243 191 3294 insidiis
205 3251 432 3315 praeoccupantes
449 3245 478 3294 in
498 3245 595 3296 itinere
613 3245 687 3315 quod
708 3247 760 3296 sert
780 3247 873 3313 Argos,
890 3243 1097 3294 submittentes·

1 3363 3 3367 .
23 3331 60 3366 ue
79 3315 149 3365 viros
168 3322 286 3374 centnm,
305 3323 490 3384 expecierunt.
508 3315 529 3366 ei
556 3333 608 3386 qua
628 3319 733 3368 occasio
752 3317 863 3368 duretur
883 3311 1030 3364 ulciscendi
1049 3313 1099 3362 Ατ-

19 3388 90 3436 ivos.
127 3393 157 3436 ut
174 3385 320 3454 conspicati
340 3394 404 3436 sunt
418 3385 607 3451 Hieronymum
626 3387 678 3438 iter
694 3388 783 3438 metiri
801 3403 852 3456 per
871 3384 1098 3436 mediterraneam

15 3457 152 3524 egionem,
168 3457 366 3523 praecinerunt
385 3456 486 3506 moniis
507 3455 636 3516 radicem,
655 3467 683 3508 et
707 3465 840 3526 occupato
861 3456 956 3506 littore
974 3455 1099 3504 Veneto·

14 3545 62 3576 um
83 3527 226 3578 anxiiisres
245 3527 273 3578 in
291 3527 381 3578 medio
403 3527 583 3579 conclusere·
604 3528 667 3580 irinc
680 3544 713 3579 es
732 3527 838 3578 insidiis
860 3533 1022 3592 exurgentes
1043 3523 1098 3574 Ve-

21 3607 85 3648 otos
103 3598 230 3648 continuo
249 3597 277 3648 in
298 3599 390 3665 fugam
401 3598 551 3657 coniecere,
569 3599 652 3650 caesis
669 3598 795 3668 ducentis
814 3595 987 3664 totidemque
1006 3595 1099 3664 captis.

13 3672 185 3734 lieronymus
214 3669 275 3736 iuga
304 3669 390 3720 evasit
408 3667 568 3736 impendens
593 3669 743 3720 discrimen.
782 3669 922 3734 ingressus
943 3674 1032 3716 nutem
1052 3679 1100 3714 na-

4 3757 76 3800 ern,
94 3756 164 3808 quse
181 3740 249 3790 forte
268 3755 301 3790 eo
320 3739 474 3809 appulerat,
496 3737 605 3790 dicebat
628 3757 657 3790 se
678 3740 712 3790 nb
731 3737 801 3788 duce
820 3736 929 3788 Veneto
952 3735 1101 3796 advenisse,

8 3823 33 3864 rt,
56 3812 268 3878 proficisceretur
297 3809 325 3860 in
344 3810 480 3874 Aeginam.
527 3811 601 3860 utin
621 3812 749 3876 Aeginam
768 3809 859 3868 venit,
877 3815 989 3858 nautam
1007 3819 1102 3856 novem

0 3883 109 3932 nivere
128 3889 157 3932 et
174 3897 277 3931 cursum
299 3881 326 3930 in
345 3880 481 3930 Euboeam
496 3879 611 3947 dirigere
630 3881 716 3932 iubet.
753 3876 856 3930 dehinc
876 3893 998 3945 egressus
1016 3884 1056 3928 est
1073 3873 1103 3924 in

6 3978 8 3985 v
24 3953 129 4012 tticum,
153 3960 181 4003 et
200 3949 317 4002 indeed
337 3967 425 4016 regern
443 3952 496 4001 iter
515 3949 597 4000 flexit.

78 4025 101 4072 ie
120 4021 193 4073 haud
209 4022 296 4072 multo
316 4030 377 4090 post
399 4037 522 4072 resersus
537 4019 569 4071 ad
589 4019 708 4070 Venetos
731 4033 827 4084 graves
851 4033 956 4085 poenas
977 4014 1059 4086 spreti
1077 4019 1106 4062 et

18 4093 154 4162 ontempti
185 4092 290 4161 imperii
322 4089 409 4144 dedit.
454 4091 550 4142 Graeci
578 4091 624 4159 qui
645 4087 769 4139 erentin
787 4087 993 4156 Peloponneso,
1012 4091 1040 4136 et
1059 4081 1108 4132 Al-

0 4176 1 4205 r
23 4163 81 4225 ani,
100 4179 206 4216 menon
226 4161 353 4214 iihasicns
375 4170 403 4214 et
425 4161 516 4216 Petrus
540 4159 676 4228 claudus,
706 4155 782 4208 haud
800 4157 950 4210 cessabant
968 4151 1109 4209 consulere
