2696 4616
212 251 284 330 534
437 187 626 328 xmorirer
657 259 1046 325 cmscoconnrmn

209 417 274 499 ριόι
293 409 532 494 αυνεπιλόβοιτο
553 411 586 488 tr
607 409 667 494 τήν
681 411 859 495 ἡγεμονίαν.
902 409 957 476 καί
975 407 1112 495 στρατόν
1135 407 1238 494 aries?
1260 433 1318 471 σα-

191 509 379 598 ·ρτχόμενος
401 510 455 576 ἐπὶ
471 507 545 586 τοός
577 507 740 596 α’δελφυός
771 510 826 592 τήν
852 534 885 574 τε
912 507 1023 592 χώραν
1052 504 1155 591 iiiito
1179 510 1243 570 καί
1268 506 1316 590 ἦν·

210 611 427 697 δραποδίζττο,
448 607 504 674 ναί
513 606 610 674 αότόν
632 611 664 684 ός
676 607 734 693 τήν
753 613 920 688 βασιλείαν
931 603 1223 690 καταπασάμενος
1245 607 1315 670 εὐυ-

209 717 295 792 λέμει
322 717 386 782 τοῖς
420 701 572 794 ἇδελφοῖς
602 703 669 787 όμο
695 709 777 794 τῷδε
808 711 851 795 τῷ
874 701 1046 791 Ἰλλυριῶν
1071 709 1219 788 βασιλεῖ.
1267 710 1315 768 sui

115 827 141 880 Ρ.
149 823 201 880 285
213 818 340 878 πλείστα
361 811 398 874 tt
415 807 533 894 ταύτης
553 812 610 890 τῆς
633 804 742 892 χιόρας
763 803 950 891 ἀνδράποδα
970 805 1120 892 ἀγόμενοι
1145 801 1180 870 oi
1209 808 1323 883 Turio-2

208 935 270 976 ναν
290 909 408 995 ταύτην
429 905 546 993 όμορον
567 910 722 983 οἰκοῦντες
742 904 799 991 τήν
818 909 938 991 χώραν.
961 908 1071 972 πασιόν
1097 907 1135 970 δὲ
1161 907 1233 970 τῶν
1257 903 1312 968 πό.

206 1019 286 1078 ieros
308 1011 436 1094 όρχαῑν,
463 998 508 1072 ὧν
532 1008 621 1090 ἡμεῖς
651 1005 745 1088 ἴσμεν
765 1005 951 1089 α’νδρόποδα
970 1003 1039 1073 ἔστε
1061 1003 1122 1089 τὴν
1148 1001 1312 1088 Ειίριόπιρ

205 1116 260 1178 ναί
278 1111 310 1185 tc
337 1108 394 1194 τήν
423 1111 534 1175 Ἀσίαν
565 1105 750 1191 ληισοίμτνοι
773 1108 963 1189 διεβίβαζον.
1013 1107 1069 1170 καί
1096 1109 1131 1184 ἐξ
1155 1099 1239 1172 ὅτου
1260 1103 1311 1186 τὴν

206 1214 349 1280 Σκοπίων
369 1201 470 1297 ᾤκησε
488 1203 599 1290 πόλιν,
629 1208 682 1270 καί
700 1203 865 1292 Ἰρσοόςό
892 1206 1050 1273 ’lunarem
1073 1213 1156 1281 παῖς
1183 1207 1309 1288 δαιτρο-

204 1313 310 1376 πεόιαν
334 1305 395 1374 sini
416 1308 572 1390 βασιλέως
590 1304 707 1390 τοότην
719 1304 778 1388 τὴν
794 1303 898 1382 πόλιν,
922 1305 966 1380 αἱς
986 1309 1132 1384 πλείστα,
1149 1295 1204 1368 ὧν
1227 1301 1323 1386 ἢμιῑςι

101 1407 308 1490 Ὴλλῖυμεν,
331 1404 385 1472 διό
406 1407 523 1469 πολλοῦ
542 1403 660 1488 χρόνου
680 1407 820 1490 ἐληίζετο
844 1403 900 1486 τὴν
917 1403 1086 1488 Ἰλλυριῶν
1107 1404 1240 1486 χώραν,
1261 1403 1309 1464 ταί

207 1510 429 1595 ἀποφέρεσθαι
456 1501 643 1588 ιίνδρόποδο
678 1497 739 1568 riou
768 1502 811 1589 μό
845 1495 885 1568 όν
910 1525 986 1568 ποτε
1013 1505 1146 1568 ἐλπίσαι
1174 1504 1307 1586 ἐνεγκεῖν

205 1607 261 1696 τὴν
277 1605 388 1691 χώραν
410 1607 538 1689 διιειλιην.
593 1603 797 1684 πυνθάνομαι
825 1605 862 1668 δὲ
884 1602 942 1688 τὴν
968 1603 1077 1685 χώραν
1102 1602 1234 1686 διὴιιειν
1252 1597 1307 1664 risi

205 1711 259 1792 τῆς
284 1707 471 1791 Τριβαλλόν
490 1699 599 1785 χσόρας
619 1707 674 1766 καί
692 1704 865 1787 Δοροβίιιιρς
887 1705 1031 1783 ποταμοῦ
1046 1703 1079 1777 ἐς
1102 1700 1164 1786 τόν
1189 1697 1304 1764 Σανδά-

207 1813 269 1872 λεα
287 1808 400 1890 χώραν
433 1803 489 1868 καί
507 1804 563 1867 ἐπί
581 1800 637 1868 τόν
656 1803 768 1870 Ἰόνιον
793 1799 925 1883 κόλπον,
947 1803 1101 1878 σταδίους
1122 1797 1160 1875 ἐς
1183 1802 1323 1864 ἅπτοιτο-λ’

59 1893 62 1902 ¹
178 1908 295 1980 Βσίους
326 1901 360 1970 τό
383 1905 501 1988 μῆκος,
536 1899 572 1967 τό
602 1903 638 1968 δὲ
659 1899 777 1978 πλότος
804 1903 858 1966 ἐπί
889 1903 1064 1983 δισχιλίους
1092 1898 1300 1981 μόλιστόποι

206 2007 358 2079 σταδίους
379 2005 532 2088 παρήκειν
559 2000 615 2086 τόν
647 1999 759 2087 χοόραν
780 2000 814 2078 ἒς
833 2001 908 2078 τοός
930 2006 1077 2076 Παίονας
1098 2001 1158 2067 καί
1180 2005 1218 2080 ἐς
1240 2007 1302 2084 Τρι-

205 2103 354 2192 βαλλούς.
396 2107 451 2168 sui
469 2100 532 2168 cirri
557 2107 616 2184 μὲν
637 2103 699 2168 τῶν
727 2105 911 2186 Τριβαλλῶν
929 2099 1034 2186 ἔχεται
1057 2101 1184 2166 obstita
1208 2102 1229 2186 ἦ
1247 2101 1299 2184 χιό-

207 2233 249 2292 ρα
269 2209 325 2272 τοῦ
346 2201 523 2288 Ἰσαόκεισ,
552 2201 632 2286 μειό
656 2205 692 2266 rii
726 2202 823 2286 ἦτοό
845 2199 982 2270 Παόλου
1002 2201 1096 2286 χοόρα
1119 2205 1179 2268 καί
1200 2204 1236 2268 αἱ
1253 2201 1300 2266 πό-

206 2315 271 2384 λεις
291 2309 535 2390 παρατείνουσα
556 2309 588 2380 ἐς
611 2302 712 2389 osiris
732 2305 795 2368 τεόν
815 2305 984 2388 Ἰλλυριῶν
1003 2309 1167 2386 βασιλέως
1190 2303 1322 2388 χώραν

204 2409 379 2487 ἐπολέμουν
409 2409 470 2488 μὲν
497 2397 588 2482 οὗτοι
615 2408 672 2468 καί
702 2401 855 2488 πρότερον
884 2409 928 2489 τῷ
951 2410 1094 2490 βασιλεῖ,
1118 2403 1177 2470 ότὲ
1197 2409 1301 2487 μὲνὲς

205 2505 282 2582 τοός
306 2503 504 2588 Τριβαλλσός
523 2503 575 2570 isi
596 2506 632 2570 δὲ
653 2507 707 2568 καί
727 2501 759 2581 ός
781 2502 856 2583 τοός
870 2509 1015 2582 Παίονας
1035 2506 1299 2588 ταλαντευόμενα,

207 2738 260 2790 cto,
281 2729 328 2798 qui
354 2729 484 2781 finitimus
512 2737 570 2780 erat
587 2727 718 2796 Illyricis,
744 2731 825 2780 istum
846 2729 974 2780 adiurare
992 2729 1071 2782 iubet
1088 2729 1118 2780 in
1138 2729 1294 2800 acquirenda

206 2801 369 2870 principatu.
411 2801 456 2850 hic
484 2801 630 2852 exercitum
659 2797 792 2870 praebeas
811 2809 905 2852 contra
929 2801 1034 2864 iratres,
1052 2817 1149 2852 eorum
1168 2803 1293 2870 regionem

207 2872 363 2931 uastabat,
385 2871 507 2940 plurimis
536 2871 600 2922 inde
629 2871 769 2923 abstractis
788 2870 938 2940 mancipiis.
983 2871 1033 2922 illo
1052 2872 1139 2938 igitur
1158 2889 1224 2942 rege
1245 2889 1293 2941 pro-

206 2943 333 2996 nuntiato
351 2943 452 2992 bellum
469 2941 581 3010 gerebat
599 2959 659 2994 cum
678 2941 806 2994 iratribus
828 2951 856 2996 et
867 2959 927 2994 sum
937 2941 1091 3010 lllyriorum
1110 2958 1186 3012 rege.
1225 2943 1294 2996 'larci

207 3015 255 3083 qui
275 3013 416 3064 finitimam
434 3014 504 3064 circa
523 3013 654 3065 tenebant
673 3014 826 3082 regionem,
847 3015 961 3084 plurima
981 3013 1214 3068 nanciscebautur
1229 3033 1295 3066 maa-

207 3085 285 3153 eipis.
308 3101 368 3136 cnm
388 3093 478 3136 sutem
495 3085 610 3155 praedas
626 3092 736 3152 agerent
752 3085 947 3156 mancipiorum
967 3101 1000 3136 ex
1018 3084 1146 3137 omnibus
1164 3103 1234 3156 qaas
1253 3087 1296 3138 sci·

208 3153 414 3218 marrubium,
439 3173 470 3207 ea
488 3159 618 3208 continuo
645 3157 674 3208 in
692 3157 825 3224 Europam
852 3165 880 3208 et
897 3157 986 3208 Asiam
1006 3157 1242 3210 transmittebant.
1274 3167 1297 3207 et

209 3241 242 3276 ex
260 3243 314 3295 quo
335 3243 382 3278 rex
409 3227 545 3286 ¹coloniam
572 3229 600 3278 in
619 3227 779 3295 Scopiorum
806 3227 899 3279 urbem
918 3227 1050 3290 deduxit,
1070 3235 1098 3280 el
1120 3230 1205 3280 losue
1223 3230 1296 3280 λεπτοὶ

209 3297 280 3348 filins
302 3299 370 3364 regis
388 3301 499 3350 numine
525 3316 583 3350 eam
603 3297 820 3362 administrarit,
840 3299 957 3370 plurima
984 3300 1018 3350 ab
1038 3299 1150 3366 illyrico
1171 3301 1296 3368 mancipia

208 3377 272 3420 eunt
290 3367 406 3420 abducta
434 3379 463 3422 et
487 3370 516 3420 in
545 3369 677 3438 Europam
704 3370 847 3440 Asiamque
872 3371 1018 3434 translata,
1044 3387 1161 3442 quorum
1178 3387 1295 3423 numerus

209 3442 293 3490 maior
311 3449 368 3492 erat
385 3457 467 3510 quarn
485 3455 592 3510 sperare
611 3441 744 3510 potuisset
764 3441 798 3492 ab
818 3458 849 3492 ea
874 3443 993 3509 regione.
1030 3439 1111 3492 audio
1134 3458 1196 3493 eam
1215 3445 1295 3510 regio·

147 3521 149 3528 ‘
208 3525 289 3574 nem,
315 3511 336 3560 si
386 3512 426 3562 uis
448 3511 645 3578 longitudinem
673 3510 840 3574 consideret,
864 3511 898 3562 ab
920 3512 1103 3564 Triballorum
1132 3515 1244 3581 regione
1273 3521 1295 3563 et

209 3580 349 3648 Dorobyae
366 3529 458 3632 qfluuio
485 3599 513 3632 se
538 3582 684 3634 extendere
711 3599 796 3656 usque
829 3581 863 3634 ad
890 3583 1015 3636 sandalis
1045 3585 1189 3652 regionem
1216 3594 1243 3637 et
1267 3583 1294 3634 ad

208 3651 315 3704 lonium
339 3651 427 3704 sinum
452 3652 547 3704 stadiis
573 3655 746 3720 octingentis.
785 3653 901 3706 latitudo
927 3673 991 3708 vero
1013 3655 1151 3722 regionis.
1178 3673 1232 3726 qua
1253 3671 1293 3704 rx-

208 3723 294 3775 eurrit
327 3720 360 3772 ad
387 3724 528 3776 Pannoaes
555 3733 583 3776 et
612 3725 765 3788 Triballos,
796 3727 986 3796 complectitur
1012 3726 1067 3778 duo
1096 3727 1173 3778 milia
1203 3726 1293 3778 stedia-

208 3809 276 3844 rum.
311 3811 327 3844 a
355 3795 485 3848 Triballis
514 3796 610 3866 incipit
636 3797 708 3866 regio
737 3797 830 3848 Isarci.
875 3797 945 3850 bane
975 3799 1078 3868 excipit
1106 3798 1209 3848 deinde
1228 3799 1292 3848 Pauli

209 3865 301 3932 regio,
334 3867 411 3917 cuius
441 3867 519 3918 urbes
548 3885 577 3920 se
604 3870 747 3937 porrigunt
779 3885 865 3938 usque
896 3870 925 3920 in
955 3868 1026 3920 hane
1054 3871 1125 3936 regis
1150 3869 1291 3936 lllyriorum

209 3937 352 4000 regionem.
396 3937 425 3988 hi
453 3939 563 4008 quidum
592 3941 644 3990 iarn
672 3947 735 3992 ants
754 3938 859 3990 bellum
879 3949 1014 4008 gesserant
1040 3957 1101 3991 eum
1128 3957 1205 4008 rege,
1232 3957 1291 3992 naar

209 4005 319 4124 ‹pridem
342 4008 466 4060 Triballis
488 4027 559 4062 nuno
588 4027 650 4062 vero
670 4010 843 4062 Pannouibus
868 4011 1105 4076 adhaerescente„
1125 4021 1154 4064 et
1173 4011 1288 4064 cumad—
1319 4027 1320 4040 ¹

209 4083 339 4126 raserunt
359 4079 476 4140 Τατσαι,
497 4081 634 4148 regionem
656 4081 761 4146 illyrico
791 4085 901 4134 affusam
922 4083 1124 4154 populabantur
1144 4084 1289 4153 bellumque
1319 4081 1320 4086 ’

208 4143 239 4197 ia
251 4145 390 4198 Triballos
408 4151 572 4204 avertebant.
611 4161 746 4206 caeterum
767 4152 951 4206 Triballorum
969 4153 1094 4226 princeps
1113 4155 1189 4208 bello
1211 4165 1289 4208 eontra
