2730 4630
223 287 293 356 178
469 287 634 352 ttontct
665 285 1051 352 custscocottntttn

219 443 291 506 σιἀν
310 442 352 526 τῷ
371 434 575 525 Παλαπύνῳ,
596 434 678 502 ύύστε
700 439 900 522 παραδοῦναι
925 431 1011 528 αύτῷ
1039 437 1094 504 eds
1114 441 1215 504 παῖδα
1235 441 1308 504 dnt-

218 543 284 605 ύντι
306 537 361 610 καί
382 538 574 621 διασημῆναι
594 532 737 602 ἑκάστοτε
768 533 840 600 ὅποι
861 537 1023 603 ἐλαύνοιεν
1041 536 1225 623 περιιόντες.
1248 533 1308 604 οδ-

190 657 266 716 Βτος
287 642 347 722 μὲν
374 632 429 704 ούν
450 636 493 714 oie
515 630 693 719 ἑκασταχοῦ
714 659 767 701 ποι
788 641 844 721 τῆς
866 637 977 721 χώρας
998 641 1099 718 ε’πίοι,
1121 636 1308 721 διεσήμαινέ

217 763 250 806 τε
266 741 307 828 τῷ
321 741 428 827 Μωσῇ
448 736 502 802 κατ’
521 739 636 822 ε’δηλσυ
658 727 680 822 ᾗ
703 735 802 802 ἐσιών
821 742 933 823 σφίσιν
944 762 977 802 τε
997 735 1160 820 περιτύχοι
1179 737 1235 802 κατ’
1254 737 1307 804 τὸν

217 843 317 906 παῖδα
337 839 495 922 παραδοίη
517 835 613 924 αύτῷ.
657 837 795 918 ἐγένοντο
816 839 875 916 μὲν
896 829 952 900 σύν
974 833 1004 901 οἱ
1025 838 1113 922 ciuus*
1131 835 1184 900 τὸν
1204 839 1330 902 sicidae

217 941 271 1006 tini
291 938 324 1004 τύ
347 941 380 1012 ἐς
402 937 576 1002 Θετταλίαν
602 939 742 1019 καθῆκον
763 924 838 1018 ύρος
864 940 920 1020 τῆς
944 937 1160 1017 Μακεδονίας,
1181 940 1237 1001 καί
1254 939 1308 1002 ἐν.

215 1043 321 1106 rosida
345 1038 388 1111 uic
416 1031 637 1120 desertricem
671 1033 731 1098 ύπύ
758 1032 964 1100 Παλαποὶκεω
998 1039 1042 1124 τῷ
1065 1039 1183 1126 Μωσῇ,
1207 1035 1309 1102 ε’πιοδκ

216 1141 271 1206 τόν
291 1163 326 1204 τε
347 1139 447 1202 παῖδα
467 1133 625 1218 ύζούγρησε
646 1135 701 1200 καί
714 1133 770 1201 cdv
791 1135 929 1220 στρατὸν
950 1138 1126 1224 διέφθειρε.
1167 1135 1247 1219 μετύ
1270 1140 1309 1202 δὲ

134 1239 314 1317 marusim
344 1234 398 1302 ἐπί
424 1232 482 1320 την
501 1231 666 1317 Βογδύνοο
694 1233 806 1319 χώραν
834 1227 1026 1322 ύφικύμενος
1055 1234 1114 1319 τη’ν
1132 1260 1167 1300 τε
1195 1232 1309 1320 χώραν

216 1339 304 1425 adrui
323 1334 419 1423 ταύτῃ
441 1330 628 1418 ὑπηγάγετο,
651 1336 708 1398 καί
727 1343 792 1411 τοῖς
807 1329 934 1417 Ἕλλησι
955 1337 1155 1418 διαπολεμῶν
1176 1337 1349 1418 undosi-idi

215 1461 272 1520 χεν
292 1417 512 1515 ἐντεταμένως.
546 1427 691 1518 Ἓλληνες
705 1436 763 1516 μδν
780 1425 838 1498 σύν
858 1427 931 1498 σύτο
954 1436 1127 1514 ἐπολέμουν
1148 1425 1218 1501 odes
1233 1439 1307 1501 ἑπο-

215 1539 376 1619 λεμούντο.
426 1537 481 1598 καί
501 1535 624 1617 Ἰησοῦς
655 1534 672 1595 d
700 1530 851 1616 νειύτερος
878 1537 940 1598 ταῖν
964 1532 1159 1618 Παιαζὴτεω
1183 1538 1308 1602 παίδων

186 1639 269 1706 Cc’ns'
291 1632 365 1712 τούς
378 1631 528 1718 Ἓλληνας
559 1631 746 1720 ἀφικόμενος
767 1629 837 1698 ἔστε
858 1631 916 1716 την
934 1635 991 1698 τού
1013 1633 1117 1719 Ἰησοῦ
1134 1635 1309 1721 θρησκείαν

215 1739 394 1819 μετέβαλλε,
424 1737 480 1798 καί
497 1734 535 1796 ου’
558 1734 661 1821 πολλῷ
682 1728 813 1817 ύσιερον
833 1731 1026 1818 ἐτελεύτησε.

301 1836 474 1916 Μεχμδτης
500 1831 560 1912 μὲν
590 1823 742 1912 σύν,καί
771 1824 862 1907 οὗτος
887 1835 1037 1908 Μωσέως
1070 1836 1129 1914 μὲν
1157 1832 1349 1922 ύδελφύς,λὸι

217 1941 292 2010 παῖς
313 1936 349 1998 δὲ
373 1933 576 2016 Παιαζητεω,
611 1930 672 1995 dno*
694 1933 747 2014 τῆς
768 1926 966 2014 Καραμύνου
984 1929 1095 2015 χώρας
1115 1928 1308 2022 ὁρμώμενος,

101 2111 112 2126 ¹
218 2032 328 2117 ἐπειδὴ
349 2034 383 2097 ἕν
405 2033 502 2120 ἱκανῷ
522 2030 645 2116 ἡλικίας
664 2021 721 2115 ἦν,
740 2027 815 2108 τούς
835 2055 866 2094 τε
884 2021 1051 2115 Ισυγγιινείς
1079 2037 1141 2097 τῶν
1157 2033 1309 2118 Τούρκων

217 2131 327 2222 μετῄει
347 2131 390 2206 οἷς
411 2133 465 2196 ἐπί
484 2130 542 2214 τὴν
563 2125 883 2214 ύρχήνὲαιπσριιύν.·
909 2135 965 2195 καί
983 2131 1310 2220 διαπρεσβευομένων,

220 2235 273 2300 καί
295 2235 357 2298 ετδν
375 2231 528 2315 Ἑλλήνων
548 2230 788 2314 ὑποδεχομένων
808 2232 864 2294 καί
884 2231 990 2296 adroic
1016 2232 1092 2297 sarci
1116 2230 1254 2316 δύναμιν
1276 2237 1311 2310 ἒς

219 2329 278 2414 τὴν
297 2333 463 2414 βασιλείαν
493 2331 578 2418 αύτῷ
598 2327 839 2415 συλλήψεσθαι,
858 2328 917 2416 τήν
937 2353 971 2395 τε
992 2331 1102 2398 Ἀσίαν
1122 2331 1349 2418 ύπηγοὶχετο,λδλ

220 2427 407 2512 ἀχθομένων
436 2433 497 2494 ταῖν
520 2435 575 2514 τῆς
604 2431 713 2504 Ἀσίας
739 2430 878 2513 ἀρίστων
909 2433 966 2514 τῆς
987 2436 1136 2512 Μωσέως
1167 2435 1202 2498 ἐν
1223 2435 1310 2523 α’ρχῇ

221 2532 407 2614 τυραννίδος
434 2533 491 2596 καί
501 2529 789 2616 προσχωρούντων
809 2531 851 2620 τῷ
871 2533 1049 2621 Μεχμέτη,
1072 2533 1127 2616 τῆς
1147 2555 1182 2598 τε
1199 2533 1310 2610 Ἀσίας

295 2718 338 2770 11.
358 2718 544 2790 ἐκτεταμένως
563 2716 582 2769 Ρ
671 2715 712 2770 18.
732 2706 775 2777 οἷς
792 2717 811 2770 Ρ

226 2878 279 2933 sibi
296 2895 391 2951 perere
409 2885 437 2930 et
454 2879 482 2930 in
496 2875 663 2930 Thessaliam
684 2893 804 2946 pergere,
824 2876 1004 2948 proditionem
1025 2893 1108 2948 puero
1125 2895 1175 2950 per
1195 2880 1310 2952 Pelops-

223 2959 289 3004 n'usn
309 2949 447 3002 subornat.
483 2949 644 3018 Peloponum
672 2951 742 3000 enirn
770 2949 883 3000 iubebit
908 2949 997 3002 Moses
1023 2959 1052 3002 ut
1073 2951 1124 3002 sibi
1146 2952 1311 3020 signiticaret

225 3023 271 3074 ubi
289 3039 356 3092 puer
375 3038 435 3072 cunr
453 3021 507 3072 suis
527 3030 685 3080 veneretur,
706 3029 733 3072 et
751 3018 849 3071 deinde
870 3019 1007 3072 accedenti
1026 3037 1086 3072 euru
1109 3021 1236 3076 traderet.
1262 3025 1310 3075 Ps-

225 3093 339 3163 lnpsnrss
360 3091 469 3161 quidem
488 3089 619 3148 Orchenis
640 3091 734 3141 itinere
761 3099 789 3142 et
808 3091 867 3142 locu
884 3093 912 3142 in
931 3091 1028 3160 quibus
1047 3093 1218 3154 morabatur,
1240 3110 1311 3146 sem-

226 3181 275 3234 per
293 3162 437 3215 indicabat.
477 3163 605 3213 monebat
621 3179 672 3231 qus
693 3162 767 3213 edire
786 3161 912 3225 deberet,
930 3171 960 3213 ut
977 3179 1088 3232 puerum
1108 3181 1157 3234 pes·
1174 3165 1312 3234 proditio-

226 3249 288 3285 nem
307 3242 421 3304 cnperet.
459 3233 595 3286 Orchnues
615 3249 752 3284 recocunt
771 3234 826 3284 suis
845 3233 972 3284 manebat
993 3235 1020 3286 iu
1042 3243 1134 3287 nsonle
1153 3237 1201 3306 qni
1222 3237 1312 3290 Thes-

227 3307 310 3357 snlise
328 3305 458 3356 irnrninet„
496 3321 528 3356 eo
549 3321 608 3356 cuns
632 3305 786 3355 accessisset
807 3303 913 3366 Moses,
940 3313 971 3356 nt
989 3305 1135 3358 indicatum
1153 3317 1211 3360 esst
1228 3326 1244 3359 α
1264 3310 1313 3360 Ρι·

227 3376 336 3447 lupeno,
355 3393 467 3446 puerum
487 3375 576 3428 vivum
595 3376 666 3443 cepit
691 3376 892 3444 exercitumque
911 3375 1062 3429 trucidavit.
1082 3387 1176 3446 postes
1195 3379 1224 3430 in
1245 3381 1313 3448 Pog-

229 3447 291 3499 dnni
317 3449 459 3516 regionem¹
483 3447 636 3515 profectus,
655 3461 712 3496 enm
740 3461 803 3496 sune
825 3445 939 3497 dicionis
965 3447 1047 3514 secit3
1077 3457 1104 3500 et
1124 3465 1184 3500 cuns
1204 3451 1314 3502 Graecis

229 3520 349 3570 intentus
377 3519 405 3569 in
429 3533 520 3569 omnes
538 3518 691 3568 occasiones
716 3531 816 3566 suntme
840 3517 865 3566 vi
894 3517 997 3570 bellum
1015 3518 1132 3588 gerebat.
1169 3527 1199 3573 st
1218 3521 1314 3574 Graeci

229 3589 305 3641 bello
324 3589 495 3640 abstinebant
512 3603 627 3656 prorsus.
665 3587 910 3640 lcsusnutemsive
928 3590 1015 3652 iosus,
1035 3591 1082 3659 qni
1101 3597 1167 3643 netu
1186 3593 1314 3646 minimus
1348 3613 1349 3624 ¹

231 3668 288 3711 erst
306 3659 421 3712 liliorum
442 3658 579 3720 Psiszitis,
599 3657 633 3708 nd
654 3657 769 3708 Graecos
797 3675 825 3710 se
851 3657 983 3728 recipiens
1005 3659 1183 3714 Christianam
1204 3665 1314 3733 religio-

230 3747 292 3782 nem
310 3731 462 3800 assumpsit,
480 3745 531 3780 nec
549 3729 634 3780 multo
655 3736 717 3798 post
743 3727 776 3779 sd
797 3745 910 3800 superos
928 3731 1059 3798 migravit.

300 3800 464 3853 lllechmetes
483 3801 564 3852 Musis
586 3802 680 3860 irater,
709 3817 789 3870 quern
807 3801 937 3870 stipium
959 3811 1087 3870 genuerat
1104 3803 1250 3869 Ραίσείιει,
1268 3805 1315 3858 ubi

231 3871 347 3939 primum
378 3889 437 3924 enm
456 3881 572 3923 aetatem
598 3871 687 3938 attigit
714 3889 783 3942 qune
804 3871 883 3924 rebus
903 3871 1027 3942 gerendis
1050 3875 1148 3928 idonee
1169 3877 1237 3939 luit,
1256 3894 1315 3928 curn

231 3943 350 3992 exercitu
370 3960 403 3995 ex
422 3943 577 3994 Cnrsrnenis
599 3943 735 4012 proiectus
760 3945 862 3998 Tuscos
882 3945 1050 4008 solicitabat,
1073 3955 1104 3998 ut
1121 3948 1174 3998 sibi
1194 3947 1315 4001 subsidio

232 4011 356 4063 venirent
376 4013 404 4066 iu
424 4013 588 4084 acquirendo
617 4031 706 4082 regno.
742 4031 801 4068 cuns
824 4017 906 4084 igitur
931 4016 1003 4076 ultro
1022 4019 1146 4088 citroque
1164 4017 1246 4090 iegati
1267 4019 1316 4070 ab·

232 4083 393 4150 legerentur,
410 4099 517 4136 necnon
533 4085 628 4136 Gracci
653 4086 782 4140 auxilium
802 4088 997 4157 pollicerentur
1022 4087 1055 4140 sd
1074 4105 1185 4159 regnunt
1206 4093 1316 4160 capien-

233 4151 308 4218 dum,
327 4155 406 4208 Asine
424 4154 565 4225 imperium
594 4163 688 4210 noctus
710 4163 765 4224 cst,
785 4173 845 4210 cum
863 4159 979 4228 optimus
999 4162 1115 4232 quisqns
1132 4160 1317 4232 indignnretnr
