2696 4626
168 889 213 990 C
242 901 299 988 A.
329 891 664 991 FABROTUS
693 891 980 992 LECTORI.

451 1096 691 1112 *uun—hun·-

62 1223 179 1317 llditioui
197 1272 296 1315 novae
313 1251 442 1313 Laonici
461 1252 724 1332 Cbalcocoudylae
745 1255 872 1314 multum
891 1255 1018 1330 accessit,
1043 1275 1118 1316 cuu-

60 1363 112 1424 tide
128 1362 234 1426 lector:
268 1381 333 1440 non
360 1364 439 1422 enim
459 1362 542 1424 clam
572 1374 600 1422 te
621 1375 666 1422 eet
685 1383 735 1424 eoo
755 1364 809 1446 qui
821 1365 957 1446 priorem
978 1377 1120 1424 utrarum

60 1473 95 1532 ul
109 1470 291 1534 ueneudan's
312 1468 463 1532 codicibus
482 1491 560 1544 taos,
581 1471 634 1530 nel
660 1491 821 1554 operarum
841 1471 1027 1552 negligentia
1047 1471 1118 1534 bene

57 1579 130 1640 mlta
144 1579 247 1640 menda
267 1579 304 1640 in
316 1599 383 1639 eam
397 1579 564 1662 irrepsisse.
605 1579 675 1640 binc
699 1579 825 1642 lacunae
841 1579 960 1662 plures,
978 1600 1054 1663 qaae
1074 1599 1117 1640 ex

58 1687 130 1768 Regiis
148 1683 302 1750 codicibus
335 1687 556 1770 supplevimus3
585 1687 655 1750 binc
682 1688 832 1772 pleraque
859 1700 997 1773 corrupte
1025 1687 1116 1782 edita,

55 1795 204 1880 quaesulem
227 1796 389 1858 meliorum
411 1792 547 1858 codicum
575 1797 669 1858 secreti
685 1809 837 1880 ,quanttaa
852 1797 952 1878 potnit
971 1795 1114 1858 emenda-

55 1904 135 1963 rimus.
154 1905 257 1964 varias
279 1909 376 1964 etiam
387 1904 525 1964 lectiones
545 1923 562 1963 e
582 1903 696 1964 duobus
716 1925 806 1964 marae
824 1907 941 1988 scriptio
960 1905 1115 1966 codicibus

57 2025 177 2095 aumas
190 2015 221 2072 iu
232 2033 292 2072 ora
306 2011 487 2084 exhibemus,
503 2010 606 2096 quibus
632 2011 779 2072 interdum
800 2033 877 2098 quae
888 2013 1034 2096 inpriore
1045 2013 1115 2073 edi-

55 2119 286 2204 tbueadecriptae
308 2111 643 2206 erantcoufirmantur.
665 2131 695 2182 et
714 2122 814 2206 tutique
832 2133 933 2184 tamen
953 2120 1114 2184 ἱαιιᾰαιιιία

55 2246 126 2286 onan
145 2250 237 2312 opera
259 2229 318 2314 qui
331 2229 430 2314 primi
441 2225 561 2290 Graeca
582 2249 625 2292 ecc
635 2229 781 2290 ueteribus
799 2227 955 2292 codicibus
965 2227 1115 2290 Palatinis

53 2333 170 2398 inlicem
186 2339 399 2420 protulerunt,
430 2357 511 2420 quae
532 2339 680 2421 interpres
708 2359 769 2398 uon
790 2335 942 2398 ediderat.
982 2337 1114 2398 loannes

55 2443 195 2508 balthasar
214 2447 451 2521 Baranbacbiuc,
489 2447 623 2508 Graecae
650 2459 679 2508 et
700 2445 856 2522 Hebraeae
886 2445 1006 2528 liugm
1037 2467 1113 2529 pro-

49 2551 127 2626 fessor
151 2553 434 2636 Heidelboegensis,
466 2554 596 2615 studium
621 2567 648 2615 et
672 2575 797 2636 operam
816 2575 903 2616 suam
923 2553 1113 2638 impenderat

54 2661 226 2724 acuendate
261 2663 414 2724 Laonicut
441 2663 583 2724 ederentr.
634 2660 691 2723 sed
715 2661 754 2722 id
770 2655 1033 2742 librorumsatum
1052 2683 1113 2722 esce

54 2764 153 2846 aaut,
173 2772 257 2831 utin
281 2773 404 2832 vitiosos
424 2771 540 2832 codices
559 2771 635 2848 sere
656 2768 795 2832 incidant
822 2772 876 2854 qui
892 2770 990 2854 primi
1010 2769 1112 2831 Grae-

55 2891 100 2932 cum
115 2877 159 2936 oel
176 2877 319 2939 latinum
344 2891 493 2939 auctorem
518 2877 687 2962 publicant.
727 2890 757 2937 et
778 2877 831 2961 qui
846 2889 952 2960 postea
973 2875 1112 2938 meliores

55 2985 110 3040 nacti
125 3000 188 3046 tunt
205 2985 341 3062 codices,
360 2987 523 3062 feliciores
545 2985 665 3069 quidem
684 2997 766 3061 nent,
798 2986 921 3076 minime
944 2998 1046 3046 autem
1068 2984 1115 3046 od

55 3105 96 3146 uu
111 3091 290 3154 litterariam
311 3093 480 3152 iuvandam
500 3095 670 3177 proniores.
717 3094 755 3154 de
774 3091 894 3153 nomine
917 3113 990 3154 vem
1010 3105 1112 3154 aucto·

55 3194 84 3251 νὺ
99 3217 145 3258 mn
162 3203 319 3262 conuenit:
353 3223 422 3262 nam
451 3201 508 3262 alii
540 3189 790 3280 Cbakouzlstnrm,
808 3200 868 3260 alii
888 3199 1111 3279 Cbalmcondy·

54 3297 91 3361 lent
106 3308 260 3388 appellant.
305 3309 401 3391 Regia
420 3309 611 3392 exemplaria
624 3303 890 3388 Χαλκοκανδύλην
917 3307 1031 3368 babent
1048 3321 1112 3368 tam

53 3407 74 3466 in
88 3411 145 3474 libri
166 3417 334 3498 epigraphe
353 3437 449 3502 quam
470 3439 502 3497 p.
526 3417 685 3478 CLXXXI
706 3415 746 3492 d,
768 3429 801 3477 ut
819 3436 880 3500 quo
901 3415 1021 3476 nontine
1039 3436 1111 3476 cen.

54 3521 94 3578 toi
107 3521 210 3586 debeat
228 3538 311 3586 certo
331 3525 454 3608 definiri
473 3547 533 3587 non
548 3529 645 3609 possit
666 3537 794 3608 propter
820 3523 953 3586 codicum
975 3525 1111 3586 varieta-

54 3637 97 3686 Μ
130 3647 188 3694 uon
217 3647 319 3694 autem
351 3635 468 3700 nontine
488 3655 555 3696 eum
576 3634 786 3712 indigitatum,
815 3633 937 3696 multum
964 3633 1109 3695 laboran-

56 3731 103 3794 buu
120 3760 171 3802 nou
190 3756 245 3802 est.

111 3843 264 3912 Praeterea
296 3870 378 3911 nova
399 3850 545 3944 qrtaedam
569 3848 820 3910 Graecobarbara
850 3863 1005 3910 occurrunt
1025 3849 1113 3931 apud

57 3945 188 4016 tunicum
207 3973 236 4018 et
258 3951 402 4034 Ducam,
421 3979 508 4043 quem
531 3981 548 4018 e
575 3957 705 4018 tenebris
725 3960 803 4017 eruit
823 3959 1041 4018 eruditnsimus
1061 3960 1112 4018 uir

58 4052 139 4122 loncel
154 4065 330 4128 Bullialdru.
374 4089 410 4127 ea
432 4087 485 4128 uos
503 4067 649 4147 glossario
669 4065 801 4124 adbibita
824 4066 1034 4148 explicuimus,
1048 4087 1108 4127 non

58 4161 102 4225 liu
121 4169 182 4233 iude
204 4189 361 4236 auctorum
396 4175 470 4235 locis
496 4173 711 4250 emendicatis,
734 4172 866 4243 sedsere
887 4197 928 4234 en
950 4173 1037 4234 libris
1056 4176 1109 4234 bo-
