2696 4616
335 297 538 362 nouenos
565 297 755 366 'l'llliClClS
784 303 819 362 L·
838 302 878 364 x.
1076 292 1149 366 525

7 463 23 496 ἰι
53 471 95 510 cs
119 443 136 508 ό
155 445 208 528 τῆς
228 440 346 518 πόλεως
366 439 490 527 ἡγεμών
509 450 565 529 τῆς
585 447 696 530 νήσου,
718 450 774 510 καί
794 447 984 532 ἀφικόμενος
1003 449 1036 522 ἐς
1056 451 1150 528 βασι·
1193 495 1199 502 .

7 569 18 600 ‘-
53 549 116 610 λέα
138 539 349 626 σροσεκύνησὲ
369 567 401 608 τι
429 538 496 624 ἅμα
517 547 572 610 κατ’
591 543 712 630 ἔφασκε
743 545 848 610 τοιάδε
868 538 915 610 “ui
934 550 1080 629 βασιλεύ,
1104 538 1151 610 σό-

11 669 15 674 ·
52 649 124 710 oda
145 646 204 724 μὲν
224 639 267 714 σός
289 645 322 718 ἐξ
354 639 428 708 iicon
460 648 492 720 ἐς
512 642 570 728 τὴν
591 645 758 730 ἠγεμονίαν
791 649 843 729 τῆς
864 645 962 728 νήσου
982 648 1079 728 τῆσδε
1097 669 1151 710 πι-

7 773 14 802 ;
53 747 201 827 (arilina,
223 733 295 806 σύτο
314 743 385 817 τούς
407 739 520 825 όριιοος
540 747 681 830 παρέβην
699 745 843 827 aniame,
867 746 922 810 καὶ
942 745 1181 830 α’νδραπόδσονδ

7 840 220 925 ιῦύπσδσχῆν
241 841 284 916 τός
305 842 457 908 adclinare
474 844 681 928 εἰργασάμην,
705 847 784 928 δῆλα
804 838 843 909 όν
866 847 984 927 γένοιτο
1004 845 1066 908 ύπό
1090 849 1153 910 τῶν

7 997 8 1000 ,
50 945 132 1028 τῇδε
155 945 210 1024 τῆς
229 942 336 1016 Ἀσόας
356 945 543 1026 ἐπιχωρίων,
564 942 607 1018 τός
636 937 751 1008 ariarico
774 943 965 1024 ἁλισκόμενα
984 942 1152 1012 ἀπεδίδοτο

7 1073 11 1106 =.
50 1045 111 1106 ὑπ’
134 1044 225 1124 ἐμοῦ.
268 1043 325 1106 καί
344 1044 486 1124 σπονδήν
507 1040 696 1128 ἐποιούμην,
718 1038 797 1108 όπον
823 1047 885 1110 τῶν
906 1043 1069 1127 ύμιτὲρισν
1088 1049 1154 1110 τινί

7 1199 8 1210 ,
50 1141 246 1230 ἀνδραπόδῳ
268 1141 435 1226 περιτύχοι
456 1165 519 1221 τις,
546 1139 627 1206 ἑλεῖν
646 1166 679 1208 re
700 1146 756 1208 καί
783 1147 816 1220 ἐς
840 1143 895 1208 τόν
917 1143 1069 1230 δεσπότην
1089 1149 1153 1208 αύ-

50 1245 116 1306 τού
138 1243 321 1323 α’παγαγεῖν.
374 1240 448 1316 τούς
481 1243 517 1306 δὲ
546 1241 698 1323 πειρότας
726 1241 957 1325 ὑποδεχόμενος
991 1239 1152 1326 ἔπρασσον

12 1352 40 1404 0
53 1335 143 1414 ὅπως
153 1339 199 1424 μη
212 1338 269 1423 την
279 1338 390 1423 χώραν
401 1343 571 1423 ληιζσονται
583 1347 636 1406 καὶ
653 1344 802 1430 δηοόντις
817 1345 1020 1426 λσηλατιόσιν.
1045 1335 1152 1428 όφορ.

50 1440 120 1521 μήν
140 1463 171 1503 τε
193 1439 300 1503 οόδινί
315 1433 436 1504 τούτων
456 1437 552 1522 ἔγωγε
566 1439 765 1522 παρειχόμην
787 1435 868 1504 σόστε
888 1436 946 1522 τήν
958 1441 1070 1521 χοόραν
1091 1439 1150 1524 την

53 1539 117 1620 σὴν
135 1535 290 1620 βλάπτειν
324 1539 536 1611 ἐπιπλέοντας.
584 1541 641 1602 νῦν
663 1539 699 1602 di
729 1535 794 1620 ἥκοι
814 1538 900 1620 παρόν
922 1539 959 1604 σὲ
981 1537 1073 1603 πόλιν
1091 1543 1152 1620 μὲν

51 1637 152 1721 τήνδε
173 1633 372 1717 παραδιδούς
395 1633 451 1698 καὶ
477 1639 573 1718 νῆσον
594 1635 781 1718 ξύμπασαν,
802 1640 955 1718 αἰτοῦμαι
977 1639 1013 1702 δέ
1032 1659 1090 1723 σοι,
1110 1636 1182 1714 ricc

53 1738 183 1812 εύνοιάς
202 1759 235 1800 τε
263 1732 370 1816 ἔχοιμι
402 1733 533 1818 περὶτὰ
563 1733 604 1800 σοὶ
627 1725 813 1818 πράγματα,
844 1732 929 1802 ούτσι
962 1738 1153 1818 α’μεόβεσθαι

7 1837 192 1920 ιῦβσσιλέα
217 1829 332 1918 ἦμᾶς.”
380 1832 479 1900 ταῦτα’
504 1857 537 1898 re
565 1831 669 1917 ἔλεγε,
691 1837 747 1900 xci
768 1839 831 1900 ruia
854 1834 1001 1920 δακρύων
1020 1839 1151 1916 μεθίετο

52 1936 117 2000 oria
138 1936 240 2018 όλόγα,
262 1933 394 2020 φάσκων
421 1930 465 2008 σός
494 1935 584 2023 α’νσιήι
620 1938 681 2000 τῶν
710 1936 815 2002 ιῖστσῑν
844 1937 901 2000 orla
928 1936 1075 2022 ciprirorro
1095 1935 1152 2022 miv

52 2031 161 2116 ἇρχην
185 2033 310 2114 αότόιιοι,
332 2031 385 2098 ὅτε
405 2031 530 2115 ια’γαθό
563 2037 763 2118 ἐπηγγέλλετο
785 2035 869 2122 αύτῷ
889 2034 1049 2118 βασιλεύς.
1091 2040 1151 2116 βα-

54 2133 167 2209 σιλεύς
190 2137 225 2198 δὲ
253 2131 509 2216 ἐπιμεμφόμενος
536 2135 621 2220 αύτῷ
654 2131 713 2216 την
740 2131 984 2220 α’γνσομοσύνην,
1015 2137 1084 2200 ou’d’
1107 2131 1151 2211 oie

50 2233 227 2315 ἀτυχήσειν
250 2230 345 2298 αύτόν
359 2230 495 2314 ἔφασκεν
518 2233 649 2296 δτσοοῦν
670 2234 885 2314 τοόνύγιιθιόν,
907 2233 977 2298 πόλλ’
999 2231 1096 2299 αύτόν
1114 2257 1148 2300 τε

7 2331 256 2416 Ξθῆσθησεσθαι
277 2329 462 2413 παραδόντα
482 2325 596 2394 ἔαυτόν
618 2332 662 2417 τῷ
680 2336 813 2416 βασιλεῖ,
835 2331 890 2396 καί
911 2327 949 2416 ἢν
969 2333 1065 2420 τύνσῇ
1083 2341 1147 2410 τοῖς

51 2435 156 2496 adseri
177 2431 367 2512 πράγμασιν,
387 2429 446 2492 ula
467 2427 736 2515 α’χθισθησεσθαό
744 2454 820 2496 ποτε
843 2430 896 2496 διὰ
919 2433 1022 2496 τοῦτο.
1043 2431 1148 2496 ταῦτα

126 2589 167 2642 19.
190 2579 272 2650 aderis
292 2591 422 2660 ἔφασκον
441 2587 549 2661 ispum
568 2589 586 2640 Ρ

53 2752 161 2803 insulae
179 2751 312 2820 princeps,
332 2751 461 2802 continuo
480 2752 508 2802 in
525 2750 650 2820 gaudium
663 2752 818 2816 effunditur,
840 2759 867 2804 el
885 2752 914 2803 in
929 2752 1041 2803 insulam
1059 2751 1145 2804 traie-

55 2825 104 2887 cit,
126 2821 289 2890 labentique
307 2823 396 2872 animo
415 2821 534 2874 admittit
551 2823 680 2892 principis
705 2840 771 2892 quas
789 2823 990 2894 praescribebat
1007 2821 1144 2874 condicio-

54 2911 120 2959 uer;
140 2895 232 2964 aitque
251 2909 279 2944 ee
300 2891 373 2944 hisce
390 2891 594 2944 condicionibus
624 2893 727 2946 insulae
753 2895 869 2964 principi
890 2895 987 2946 foedus
1007 2903 1035 2945 et
1052 2910 1145 2962 pacem

56 2967 192 3016 daturum.
229 2980 289 3014 cum
307 2963 357 3013 iam
379 2979 420 3014 res
441 2965 565 3034 utrinque
584 2965 683 3026 decisa,
705 2973 733 3016 et
749 2964 816 3016 fides
835 2963 951 3016 laederis
969 2962 1144 3016 iureiurando

56 3037 185 3105 utrinque
206 3034 366 3104 interposito
381 3041 488 3102 accepta
503 3044 581 3096 esset,
600 3035 666 3087 urbe
679 3035 866 3102 egrediebatur
879 3037 985 3088 insulae
1004 3036 1142 3104 princeps3

56 3119 85 3159 et
103 3107 213 3158 veniens
231 3105 264 3156 ad
296 3121 382 3172 regem
401 3121 460 3155 eum
491 3105 595 3167 adorat,
613 3115 642 3158 et
661 3107 849 3158 huiuscemodi
867 3109 1017 3158 orationem
1035 3105 1145 3157 exordi-

56 3179 127 3232 tur.''
163 3177 243 3236 nosti,
262 3195 278 3228 o
299 3192 354 3236 rex,
373 3192 405 3226 ex
427 3191 483 3244 quo
505 3178 617 3228 insulam
637 3178 713 3230 istam
735 3195 826 3246 regere
845 3178 954 3246 occepi,
971 3194 1014 3229 me
1034 3177 1144 3228 iurisiu-

58 3249 133 3302 raurli
154 3247 312 3316 religionem
339 3253 482 3296 temerasse
505 3265 652 3319 nunquam.
697 3249 771 3319 quod
790 3258 879 3300 autem
899 3248 1032 3317 mancipia
1050 3263 1083 3298 en
1101 3265 1145 3298 re-

56 3323 137 3388 gione
157 3328 203 3370 tua
224 3319 249 3368 ri
270 3316 434 3388 praedonum
460 3316 591 3372 abstracta
608 3335 663 3370 oon
683 3321 890 3389 receptarum,
911 3320 972 3370 sciri
991 3319 1089 3388 poterit
1108 3319 1142 3370 ab

55 3395 89 3443 iis
110 3391 158 3461 qui
175 3389 253 3441 Asiae
272 3389 332 3440 loca
350 3389 480 3440 incolant.
516 3406 576 3440 nam
597 3392 738 3460 mancipia.
757 3391 951 3460 quamprimum
968 3387 1144 3458 capiebantur

56 3473 137 3514 etur
158 3459 280 3530 regiona,
307 3461 436 3510 continuo
464 3475 540 3511 ame
567 3461 683 3512 dominis
701 3463 756 3512 suis
776 3460 966 3512 reddebantur.
1003 3467 1142 3529 praeterea

55 3534 199 3586 martimum
218 3530 284 3581 mihi
304 3529 357 3580 luit
374 3531 491 3581 studium
510 3539 553 3594 ut,
574 3531 660 3582 sicubi
679 3541 766 3584 restra
786 3533 917 3602 mancipia
932 3533 992 3602 quis
1011 3539 1081 3584 esset
1094 3549 1143 3582 aa·

55 3617 124 3666 ctus,
146 3621 177 3654 ea
198 3603 288 3653 statim
306 3600 419 3652 dominis
438 3601 492 3652 auis
517 3604 732 3655 restituerentur.
758 3603 831 3674 quod
857 3603 955 3672 piratas
976 3603 1091 3669 suscepi,
1110 3619 1141 3653 ea

57 3677 141 3744 gratia
158 3675 256 3726 iactum
275 3682 324 3734 est,
345 3688 379 3722 ne
406 3671 520 3743 praedas
546 3690 579 3725 ex
606 3689 665 3725 mea
694 3675 803 3742 regione
825 3681 937 3741 agerent
955 3689 1067 3740 eamque
1095 3689 1142 3722 ra-

55 3745 150 3798 staudo
171 3751 380 3812 corrumperent.
417 3759 468 3794 nec
486 3744 534 3794 ulli
557 3743 652 3795 horum
677 3763 794 3816 unquam
813 3745 856 3796 vel
878 3745 1044 3796 occasionem
1060 3760 1141 3811 prae-

55 3820 101 3869 bui
115 3817 157 3867 vel
176 3815 317 3867 eonsilium
337 3811 411 3874 dedi,
432 3823 461 3864 ut
479 3813 670 3882 adnavigantes
684 3819 828 3885 quicquam
847 3815 939 3866 damni
955 3814 1057 3880 regioni
1078 3822 1140 3866 tuae

55 3891 240 3958 importarent.
277 3903 348 3936 nunc
366 3894 455 3935 autem
473 3885 507 3936 ad
530 3894 556 3938 te
575 3889 668 3948 renio,
687 3887 780 3936 urbem
799 3895 880 3956 atque
901 3887 970 3936 adeo
992 3885 1140 3936 universam

56 3961 169 4010 iurulam
189 3957 238 4009 tibi
266 3956 382 4008 tradens.
422 3957 538 4026 supplex
565 3974 627 4008 rero
646 3967 673 4009 te
702 3975 749 4008 orn
772 3966 819 4018 ut,
841 3955 1068 4027 quemadmodum
1091 3957 1141 4008 ba·

56 4039 147 4082 ctenus
168 4029 246 4080 rebus
264 4027 317 4078 tuis
336 4027 479 4095 plurimum
500 4027 706 4081 benevolentiae
727 4031 860 4098 praestiti,
885 4029 923 4078 ita
941 4027 1019 4078 uobis
1041 4029 1140 4092 gratius
1234 4081 1239 4090 ,

58 4101 153 4152 referat
174 4103 244 4151 καθ’
292 4095 358 4148 haec
385 4096 493 4166 quidem
510 4099 580 4151 latus
601 4108 658 4162 est,
678 4107 706 4152 et
726 4099 857 4166 lacrymae
875 4099 1007 4150 cadebant
1027 4097 1139 4150 obortae

57 4171 156 4223 dicenti
176 4171 282 4224 inscitia
299 4167 496 4240 oppidanorum
514 4169 613 4223 lactum
635 4187 701 4234 esse,
721 4170 795 4241 quod
810 4187 866 4224 aon
885 4173 974 4224 statim
991 4167 1025 4219 ab
1043 4170 1136 4233 initio,
