2696 4616
343 299 399 362 DE
425 299 555 362 REDUS
571 289 776 358 'moolers
806 296 842 358 L.
863 295 915 356 lx.
1091 285 1164 355 503

158 451 265 512 Ταῦτα
288 449 347 525 μὲν
366 439 424 512 σόν
443 443 488 524 σός
519 447 681 532 ἠγγέλλετο
706 434 836 525 βασιλεῖ
852 443 1021 529 Μεχμέτρ,
1041 437 1168 518 rosiers

63 549 218 633 πρέσβεις
238 547 338 611 odensi
359 548 581 634 διαφθαρῆναι
601 543 664 610 riui
686 541 816 610 Βλόδοο
834 546 892 608 τοῦ
911 541 1033 618 Δακιάς
1055 537 1197 626 ἧγεμό-(.Ι

65 667 141 728 νος,
161 643 216 736 ραί
246 647 423 725 Χαμοοζόν
459 637 561 726 ἄνδρα
587 640 755 723 εὐδόκιμον
782 645 846 706 τεόν
876 641 1032 724 βασιλέως
1058 641 1169 723 θοριόν

68 741 159 809 οότω
180 747 215 810 δν
236 743 343 808 ον’δενό
367 737 449 833 λόγῳ
471 746 660 827 ἀποθανεῖν,
689 737 810 825 ἤχθετο
830 743 889 822 μὲν
919 733 971 805 οἷα
995 737 1096 820 εἰκός,
1114 739 1171 802 κατ’

37 845 235 927 5διινότερα
258 847 392 910 όποιεῖτο
411 846 442 910 εἰ
462 836 581 930 ἄνδρας
593 843 678 932 αὐτῷ
698 841 863 917 τοιούτους
876 837 1065 923 περιόψεται
1085 831 1169 903 οῧτα

69 946 322 1028 διαφθαρέντας,
339 943 483 1010 κόκεῖνον
497 947 543 1022 εἰς
562 946 655 1008 τοῦτο
667 939 791 1026 όβρεως
804 937 997 1028 ἀφικόμενον
1018 934 1101 1004 ὥστε
1115 940 1172 1004 κατ’

70 1041 150 1118 τούς
170 1047 317 1124 πρέσβεις
339 1045 428 1129 crispi
449 1042 707 1128 διαχρήσασθαι,
730 1039 776 1126 μή
798 1042 1014 1124 τιμωρήσεται
1035 1036 1089 1104 τόν
1109 1037 1171 1122 φό·
1203 1073 1206 1082 ·

69 1165 127 1207 νον
144 1145 270 1210 ἐκείνων
290 1146 354 1208 τῶν
388 1137 496 1208 ον’τιόν
514 1144 776 1226 εἰσπραττόμενος
806 1138 862 1204 τόν
883 1143 937 1224 τῆς
956 1143 1078 1213 Δακτάς
1098 1135 1172 1221 ἡγε-

70 1245 176 1324 μόνα·
219 1235 334 1327 ἧχθετο
364 1246 470 1326 μέντοι
493 1243 549 1308 καί
569 1241 657 1326 τόδε,
685 1238 736 1306 ότι
767 1233 958 1324 τὸνἼστρον
978 1239 1090 1320 διαβάς
1110 1237 1171 1304 σόν

21 1353 61 1406 10
72 1345 163 1426 χειρὶ
175 1349 274 1430 πολλῇ
294 1343 351 1408 κατ’
382 1345 547 1427 ἐμπρήσας
573 1341 631 1426 τὴν
649 1345 806 1423 βασιλέως
838 1341 949 1424 χοόρον
982 1339 1036 1404 κατ’
1074 1335 1173 1426 φόνον

71 1446 137 1508 τεόν
157 1467 191 1508 τε
214 1439 386 1530 ὁμοφύλων
407 1445 495 1530 crispi
522 1440 736 1527 ἐργασόμενος
766 1439 867 1506 ὄπτ’σω
890 1441 1027 1506 ε’λαόνοι.
1068 1439 1173 1527 πολλῷ

71 1546 109 1608 δὲ
132 1542 252 1608 τούτων
280 1541 444 1626 δεινότερα
466 1543 585 1622 ε’ποιέι,
618 1543 751 1605 τοιαῦτα
780 1536 856 1616 τοός
887 1535 1006 1604 ἑαυτοῦ
1023 1541 1205 1624 πρέσβειςο

71 1643 282 1725 ἐργάσασθαι.
333 1636 409 1705 ὅθεν
440 1640 478 1725 δὴ
510 1635 675 1724 ἁπανταχῇ
702 1639 935 1724 περιαγγέλλειν
962 1645 1029 1714 τοῖς
1047 1659 1082 1700 τε
1102 1631 1173 1720 ἄρν’.

72 1761 162 1813 στοις
181 1739 237 1806 καί
258 1747 324 1814 τοῖς
350 1733 459 1816 όλλοις
492 1736 572 1803 κατό
603 1737 694 1821 λόγον
720 1734 914 1822 προηγόρευε
943 1737 1098 1824 καλλίστῳ
1123 1733 1173 1800 κό-

28 1857 63 1908 15
73 1862 145 1925 σμιρ
164 1835 351 1917 ἐλαύνοντας
380 1839 436 1906 κατ’
457 1834 709 1920 ἐξωπλισμένους
730 1845 879 1922 παρεῖναι
898 1837 984 1924 αὐτῷ
1005 1831 1044 1902 τό
1073 1859 1173 1919 στρα-

72 1939 220 2020 τεόματα
243 1941 446 2018 όξελαόνοντι.
466 1940 523 2025 τὴν
543 1943 603 2020 μὲν
626 1931 684 2002 cdv
699 1935 850 2022 στρατιὰν
864 1931 949 2002 οὕτω
970 1929 1174 2024 παρεσκεοό-

75 2042 148 2120 ζετο
169 2036 224 2102 ini
242 2040 319 2116 τοός
341 2039 484 2118 Δαναός·
508 2042 633 2122 λέγεται
654 2041 690 2104 δὲ
711 2038 767 2103 καί
785 2035 865 2122 τόδε,
887 2033 930 2113 σός
947 2037 1173 2124 Μαχοομοότῃ

73 2142 118 2226 τῷ
141 2133 281 2222 ἡγεμόνι,
319 2133 367 2204 ότι
384 2143 441 2224 τῆς
468 2139 614 2222 ἆγγελόσς
635 2135 789 2222 πρότερον
808 2133 990 2202 τοότωνιέτι
1014 2135 1174 2222 ἀφικομέ-

75 2261 132 2320 νης
153 2239 231 2321 περί
246 2239 350 2302 τετοῦ
363 2237 464 2324 φόνον
485 2241 549 2302 τεόν
568 2239 732 2320 πρέσβεων
744 2234 801 2302 eni
810 2237 972 2317 Χαμοοζό
990 2239 1049 2300 τοῦ
1067 2229 1172 2319 sincip-

29 2356 136 2416 γρχοο
158 2339 214 2399 καί
234 2339 291 2400 τοῦ
314 2338 506 2420 ἐμπρησμοῦ
533 2337 590 2420 τῆς
608 2332 735 2420 χώρας,
754 2327 826 2398 οὔτε
847 2333 952 2420 εόριόν
971 2333 1059 2418 παρὰ
1079 2337 1172 2415 βασι-

75 2438 132 2498 λέα
154 2436 364 2519 ἀπηγγέλλετο
383 2433 422 2500 τό
444 2435 596 2519 γενόμενα
616 2433 705 2518 παρὰ
727 2437 843 2500 Δακῶν
865 2435 897 2510 ἐς
918 2433 994 2508 τούς
1015 2423 1173 2515 βασιλέως

77 2527 208 2618 ἄνδρας,
228 2539 284 2600 καί
301 2537 450 2618 χαλεποός
470 2528 589 2620 ἤνεγκε.
622 2537 744 2618 λέγεται
769 2537 806 2598 δὲ
825 2529 869 2609 σός
890 2537 946 2598 καί
963 2533 1085 2619 πληγὰς
1107 2535 1173 2600 tvl.

75 2640 153 2716 βαλε
174 2638 216 2722 τῷ
238 2635 342 2718 α’νδρί.
397 2637 557 2716 νομίζεται
588 2636 624 2698 δὲ
653 2637 709 2698 κατ’
738 2635 830 2698 τοῦτο
854 2637 886 2711 ἐς
906 2633 964 2710 τός
983 2631 1090 2718 θύρας
1111 2636 1270 2702 rosim&

146 2802 190 2853 21.
207 2805 275 2874 περὶ
287 2803 306 2856 Ρ

146 2955 219 3008 Haec
238 2963 269 3006 ut
293 2955 376 3008 eliste
400 2964 463 3008 sont
487 2953 523 3007 ecl
543 2972 630 3026 regem
652 2955 848 3020 Mechrnsteru‚
867 2971 965 3026 nempe
985 2957 1089 3025 legulos
1106 2973 1168 3008 suos

78 3025 158 3078 l'oede
182 3043 197 3076 α
220 3024 306 3076 illatio
333 3027 432 3078 Decios
450 3027 519 3080 duce
540 3035 717 3098 peremptos,
743 3035 771 3079 et
788 3027 963 3090 comunem,
992 3029 1079 3079 virum
1098 3027 1169 3080 inter

77 3098 171 3148 innuas
191 3097 359 3168 primarium,
376 3098 445 3150 eden
464 3100 639 3168 contemptim
668 3107 696 3151 et
714 3099 890 3166 ignominiose
908 3098 1027 3168 periisse,
1045 3098 1168 3150 dolorem

79 3175 106 3218 et
125 3184 270 3220 moerorem
295 3169 352 3237 regi
370 3179 512 3222 moverunt
535 3169 763 3240 quemadmodum
782 3169 927 3221 verisimile
943 3177 990 3221 est.
1028 3169 1098 3220 illud
1119 3185 1169 3220 nu-

78 3247 131 3290 tem
153 3239 233 3305 longe
259 3241 442 3308 gravissimum
469 3239 603 3304 ducebat,
628 3243 650 3292 si
677 3239 828 3310 despiceret
850 3242 919 3291 siros
938 3247 1028 3292 tentos
1045 3241 1169 3312 talesque

79 3327 147 3380 quos
168 3311 311 3376 omisisset,
327 3327 378 3362 nec
398 3313 529 3363 ultionem
551 3313 679 3380 exigeret,
697 3311 854 3384 praesertim
873 3327 933 3363 cum
957 3327 989 3362 eo
1012 3312 1169 3362 iniuriarum

79 3391 106 3432 et
124 3383 306 3434 contumeliae
335 3383 512 3452 processisset
541 3383 638 3434 Blsdus
666 3391 696 3434 ut
721 3399 772 3434 nec
801 3383 835 3434 ab
854 3383 949 3450 legetis
967 3381 1102 3434 violandis
1120 3381 1170 3432 nb·

79 3451 211 3504 stiuuerit.
259 3452 372 3506 dolebat
401 3463 540 3523 praetereo
570 3455 642 3523 regi,
666 3453 780 3505 Bladum
807 3455 875 3505 istro
903 3453 1057 3504 transmisso
1074 3469 1169 3522 magne

78 3539 155 3574 uranu
181 3539 255 3574 susm
286 3525 421 3592 regionem
447 3523 617 3586 incendisse,
644 3533 672 3577 et
700 3543 795 3592 magne
826 3541 933 3576 cuorum
952 3523 1034 3575 coede
1052 3523 1123 3575 edita
1141 3525 1170 3576 in

78 3595 187 3645 Daciam
207 3593 329 3646 rediisse.
365 3613 457 3648 verum
476 3595 551 3666 quod
571 3603 646 3647 tnnto
671 3596 831 3649 crudelitate
855 3597 958 3664 legatos
976 3611 1039 3648 suos
1056 3603 1169 3647 troctas-

77 3674 125 3728 set,
145 3665 256 3786 relirpuis
274 3668 360 3718 maius
379 3675 406 3718 et
427 3668 543 3718 atrocius
568 3666 715 3718 iudicabat.
758 3667 852 3738 itaque
876 3665 975 3727 ediscit.
1005 3667 1169 3718 annuntians

77 3737 201 3806 optimati
225 3737 465 3802 mansdatis,
485 3745 516 3790 ut
539 3753 621 3808 quem
652 3737 832 3808 pulcherrime
859 3739 940 3788 ermis
965 3737 1089 3789 instructi
1108 3755 1167 3790 cuns

78 3807 239 3859 exercitibus
262 3807 427 3872 adveniant,
457 3815 540 3878 etque
559 3827 614 3862 una
645 3827 734 3860 secum
755 3811 784 3860 in
810 3809 935 3862 militiam
953 3809 1167 3880 proficiscuntur.

78 3887 104 3928 et
133 3877 243 3950 quidem
269 3878 321 3932 hoc
347 3889 426 3951 pecto
456 3879 658 3950 expeditionem
682 3888 775 3932 contro
793 3881 879 3932 Dacos
896 3880 1016 3952 suscepit
1033 3897 1087 3932 rex.
1123 3881 1167 3934 fe·

78 3957 139 4000 runt
157 3958 297 4020 praetereo
321 3950 499 4003 Meclunetem
526 3951 640 4014 ducem,
670 3960 815 4023 antequem
843 3951 937 4004 caedes
963 3952 1112 4020 legatorum
1138 3959 1168 4004 et

78 4019 216 4072 Chsmuzis
234 4022 364 4090 praelecti
385 4031 414 4074 et
434 4023 551 4092 regionis
576 4021 729 4076 incendium
760 4024 938 4088 nuntiaretur,
958 4023 1091 4075 indicasse
1111 4021 1167 4090 regi

79 4107 146 4159 quoe
165 4093 293 4146 iecissent
313 4093 378 4146 Dnci
406 4094 469 4146 viris
492 4094 579 4164 regiis.
622 4095 722 4166 quibus
749 4093 849 4146 auditis
876 4096 989 4163 graviter
1011 4093 1167 4162 indignatus

79 4169 134 4228 estp
154 4163 234 4214 etiem
254 4165 312 4218 siro
330 4165 378 4236 qui
392 4163 458 4218 lineo
475 4174 647 4237 exposuerat,
663 4165 774 4220 verbere
791 4164 897 4220 inflixit.
932 4183 983 4220 nec
1002 4167 1075 4220 enim
1086 4173 1167 4238 turpe
