2750 4628
348 315 402 374 lsi:
431 313 557 374 unitus
586 311 776 376 TURCiCiS
806 317 929 376 1,.νιι.
1098 311 1170 380 373

78 461 202 536 πόλεως
223 452 366 542 ἄρχοντε,
387 459 443 524 κατ’
462 459 570 542 λαβών
591 460 666 536 τούς
687 464 881 543 θεράποντας
902 457 969 544 ἆγεν
992 461 1045 528 ἕατ’
1065 463 1100 530 sd
1123 464 1173 532 οἵ·

78 587 176 646 κημα,
195 559 230 625 ἐν
248 551 273 648 ᾦ
293 552 332 642 ἦν
353 558 545 644 ὅΧωνιάτης
565 563 599 626 ἐν
620 571 685 637 τοῖς
706 568 767 626 τῶν
789 561 919 644 ἀχύρων
940 561 1098 645 οἰκήμασι.
1120 570 1175 630 κατ’

81 661 230 742 λαβόντες
260 655 423 744 ἀπήγαγον
456 661 545 746 παρὰ
576 662 627 726 τὸν
657 664 713 744 τῆς
743 661 862 736 πόλεως
891 657 1041 748 ἄρχοντα.
1096 663 1202 730 o‘dic

82 759 202 841 ἔπεμπε
223 761 351 838 δέσμιον
371 757 524 842 ἀγόμενον
543 759 631 844 παρὰ
652 757 704 825 τὸν
725 761 877 844 ἡγεμόνα,
897 760 952 846 κατ’
972 755 1111 846 ἤγγειλεν
1131 762 1174 834 ὥς

54 856 168 928 atrita
189 863 224 938 ἐν
254 857 362 946 χόρτῳ
390 863 610 943 κεκρυμμένος.
659 859 675 926 ὁ
705 863 765 941 μὲν
782 855 839 926 ode
859 860 1001 946 ἡγεμών,
1023 861 1067 936 eir
1088 854 1175 946 ἤχθη

82 965 161 1042 παρ’
184 955 300 1023 ἑαυτὸν
334 955 531 1043 ὅἸονάννης,
554 964 600 1038 εἰς
623 959 769 1046 φυλακήν
798 959 1009 1046 ποιησάμενος
1034 962 1175 1044 ἀντεῖχεν

83 1063 141 1124 ἐπε·
161 1082 234 1122 τινα
255 1056 370 1142 χρόνον
400 1057 433 1121 ἐν
464 1065 501 1145 τῇ
522 1061 703 1142 ἅρροντόλετ.
761 1059 778 1124 si
802 1064 838 1124 δὲ
856 1063 960 1142 πείθει
980 1063 1035 1127 τόν
1057 1085 1091 1126 τε
1115 1053 1175 1144 ἅρ-

85 1183 186 1240 χοντα
209 1160 264 1240 τῆς
278 1155 477 1238 dupondium
497 1159 553 1222 xci
570 1157 629 1242 τὴν
648 1158 795 1245 φρουρὰν
814 1157 987 1226 ἐπιθέσθαι
1000 1159 1070 1242 ἅμα
1091 1161 1177 1248 αυτῷ

84 1259 131 1344 τῷ
154 1257 278 1340 ἡγεμόνι
299 1259 354 1321 κατ’
374 1263 565 1340 καταλαβεῖν
586 1257 643 1341 τὴν
665 1261 765 1326 πόλιν.
808 1259 1015 1342 ἐξενεγκόντος
1038 1264 1073 1326 δέ
1093 1281 1178 1334 τινος

35 1362 151 1428 loscio
171 1355 359 1420 συνειδότων
380 1357 436 1441 τὴν
462 1359 647 1441 ἐπιβουλήν,
670 1364 840 1446 καταφανῆ
860 1361 981 1442 ἐγένετο
1002 1359 1042 1424 τὰ
1064 1361 1126 1425 τῶν
1145 1360 1179 1424 ἐν

87 1459 128 1544 τῇ
150 1457 287 1542 φρουρᾷ,
308 1461 363 1520 κατ’
382 1453 411 1520 οἱ
432 1460 490 1536 μὲν
511 1456 683 1540 ἀπώλοντο,
706 1455 851 1541 Ἰωάννης
873 1462 908 1523 δὲ
922 1461 1095 1541 ἐπιγαμίαν
1116 1459 1179 1522 usi·

85 1559 132 1642 τρῖ
152 1555 368 1639 ποιησάμενος,
389 1559 445 1619 κατ’
464 1555 680 1638 ἁρμοσάμενος
703 1557 760 1629 τὸν
785 1560 1014 1643 παῖδαταυτσῦ,
1036 1559 1210 1642 deincps-n

84 1673 148 1736 ψτν
170 1657 224 1720 ε’τιί
243 1655 302 1737 τήν
325 1655 427 1740 ἀρχὴν
447 1659 550 1722 ον’τοῦ
571 1662 603 1732 ἐς
624 1653 761 1740 Βούδην.
1075 1725 1076 1732 ρ

171 1758 243 1822 Κατ’
262 1755 336 1838 περὶ
356 1761 414 1837 μὲν
434 1757 492 1842 τὴν
514 1763 577 1822 τῶν
597 1761 753 1824 Παιόνων
780 1760 982 1842 ἐκστρατείαν
1002 1757 1178 1844 ἡγουμένου

41 1859 145 1926 15τοῦ
166 1856 335 1922 Χοονιάτον
368 1861 509 1922 τοσαῦτα
544 1856 742 1940 ἐγένετοκαὶ
768 1859 801 1922 ἐν
820 1861 900 1924 τέλει
928 1862 1029 1947 τούτῳ
1049 1858 1178 1944 ἔσχετο·
1203 1847 1207 1862 ’

84 1955 283 2040 Ἀμουρᾰτης
316 1958 351 2020 δὲ
380 1952 422 2032 οὖς
444 1956 589 2038 ἐπανήκει
613 1958 645 2030 ἐς
665 1955 703 2020 roi
724 1957 887 2038 βασίλεια,
908 1957 947 2020 od
970 1963 1073 2046 πολλῷ
1092 1957 1179 2026 ὅστε.

88 2079 146 2138 ρον
168 2050 295 2138 ὥρμητο
313 2061 372 2136 μὲν
399 2058 454 2119 ἐπὶ
475 2056 652 2132 Βυζάντιον
673 2055 918 2140 στρατεύεσθαι,
939 2059 1181 2142 τελευτήσαντος

88 2157 126 2222 δὲ
148 2159 205 2220 τοῦ
221 2153 376 2240 Ἑλλήνων
407 2158 564 2236 βασιλέως
593 2155 761 2236 Ἰωάννου,
792 2161 847 2221 κατ’
868 2159 922 2222 ἐπὶ
946 2161 1181 2226 Koroseanoi

87 2255 143 2320 siu
165 2255 305 2340 αόἐλφόν
337 2257 437 2322 odensi
459 2253 502 2332 ὥς
532 2253 694 2338 ἐχώρησεν
722 2257 741 2338 ἡ
764 2256 923 2336 βασιλεία.
977 2261 1050 2322 εἀεί
1066 2282 1099 2324 τε
1120 2259 1179 2345 γὰρ

39 2351 312 2441 Εῡέτελεότησεν,
344 2350 472 2439 ὅρμητο
500 2357 559 2434 μὲν
593 2351 777 2442 ὅαδελφὸς
807 2356 907 2420 αὐτοῦ
928 2353 1108 2442 Δημήτριος
1128 2362 1183 2424 ἐκεῖ

88 2451 146 2540 τὴν
167 2460 343 2542 βασιλείαν,
365 2457 545 2538 διεκωλύθη
578 2459 612 2520 δὲ
644 2455 706 2520 sind
730 2459 791 2521 redu
821 2460 855 2523 ἐν
875 2460 915 2542 τῇ
937 2455 1027 2522 πόλει
1047 2458 1102 2524 κατ’
1125 2463 1181 2542 τῆς

160 2613 185 2668 6.
207 2616 351 2687 saetiger?

89 2771 132 2814 ter
155 2761 259 2813 iratres.
296 2762 360 2813 hinc
379 2779 446 2813 unus
465 2761 499 2813 de
526 2779 637 2813 numero
656 2761 769 2814 fratrum
786 2769 936 2814 commotus
961 2761 1091 2814 indicavit
1108 2763 1180 2814 serbis

88 2834 257 2901 magistratui
280 2831 392 2884 ubinam
412 2841 482 2886 esset
500 2832 656 2886 choniates.
699 2833 843 2904 assumptis
861 2834 952 2918 itaque
970 2835 1101 2886 ministris
1120 2853 1180 2903 per-

89 2903 190 2974 gebant
208 2903 242 2954 sd
263 2903 387 2966 domum,
406 2905 434 2954 in
455 2921 508 2976 qua
529 2913 586 2956 erat
606 2903 751 2956 choniates
776 2905 886 2956 latitans
906 2921 933 2956 tu
952 2906 1089 2974 palearum
1108 2923 1180 2956 rece·

88 2975 222 3048 piaculis,
251 2991 367 3046 eumque
386 2982 492 3044 captum
516 2976 686 3026 abduxerunt
718 2974 752 3025 ad
771 2974 845 3026 urhis
864 2977 1057 3043 magistratum.
1093 2977 1181 3044 magi-

88 3055 188 3098 stratus
205 3053 293 3098 autem
312 3063 373 3096 eum
397 3047 515 3098 vinctum
532 3046 629 3098 deduci
648 3047 751 3097 curarit
775 3044 809 3096 ad
829 3047 990 3115 praesidem,
1008 3048 1180 3116 significavit·

88 3135 144 3188 qne
163 3135 223 3169 eum
242 3135 299 3170 esse
317 3116 514 3186 deprehensum
534 3118 687 3169 latitantem
705 3118 734 3168 in
754 3118 845 3168 foeno.
881 3134 997 3187 praeses,
1010 3135 1070 3170 cum
1091 3117 1180 3170 addu-

88 3197 147 3241 ctus
169 3195 241 3240 esset
261 3187 417 3252 Choniates,
439 3205 500 3240 eum
519 3190 547 3240 in
567 3203 698 3240 carcerem
717 3189 868 3240 coniectum
887 3187 923 3240 sd
942 3197 1049 3258 tempus
1068 3187 1180 3259 aliquod

88 3261 117 3312 in
135 3275 195 3314 arce
214 3259 341 3312 detinuit.
376 3269 406 3310 at
427 3259 573 3311 Choniates
594 3259 729 3329 persuasit
748 3259 864 3329 principi
883 3261 950 3312 arcis
969 3269 997 3311 et
1014 3259 1181 3320 custodibus,

90 3339 120 3382 ut
138 3331 224 3382 simul
241 3347 300 3382 curn
320 3331 379 3400 ipso
397 3331 538 3398 insurgant
567 3331 703 3383 hostiiiter
725 3339 819 3382 contra
847 3331 997 3399 praesidem
1030 3339 1059 3381 et
1087 3330 1181 3380 urbem

88 3409 232 3472 occupent.
270 3417 330 3460 cum
367 3401 457 3452 uidam
483 3403 519 3452 rei
541 3417 610 3474 quae
635 3401 781 3470 parabatur
807 3405 929 3454 conscius
947 3400 1057 3453 insidias
1076 3401 1178 3470 puteis·

87 3473 177 3535 cieret,
197 3473 277 3524 etiam
299 3419 366 3543 qnid
387 3472 513 3524 custodes
531 3475 587 3523 sive
603 3473 770 3542 praesidiarii
789 3473 888 3524 milites
908 3474 1069 3524 molirentur
1089 3471 1182 3538 cogni-

88 3554 146 3596 tum
168 3553 217 3595 est
253 3559 346 3596 serum
365 3543 392 3593 hi
418 3545 498 3595 occisi
527 3552 590 3595 sunt
615 3559 715 3595 omnes.
763 3545 877 3595 ioannes
908 3551 998 3594 sutem
1025 3539 1182 3592 affinitatem

87 3617 205 3683 iungens
223 3633 283 3666 cnm
302 3613 360 3677 silo,
381 3613 464 3665 filiam
492 3631 567 3666 suam
586 3615 643 3666 filio
661 3603 719 3666 iius
748 3615 776 3665 in
794 3616 993 3666 matrimonium
1012 3611 1182 3676 seducendo,

88 3687 217 3738 remissus
235 3695 276 3740 est
295 3685 394 3737 dudam
414 3687 443 3736 in
464 3701 572 3751 regnum
591 3700 677 3737 sunm.

196 3757 231 3809 Et
249 3757 359 3828 quidem
380 3755 446 3807 haec
465 3759 602 3825 contigere
619 3759 647 3807 in
665 3757 841 3825 expeditione
857 3769 938 3826 quem
950 3754 1092 3808 Pannones
1109 3771 1182 3806 sum-

89 3837 204 3900 pserunt
225 3828 350 3880 adsersus
376 3827 487 3888 Torone,
515 3827 584 3880 duce
602 3827 749 3895 Choniate;
776 3841 862 3896 eaque
882 3823 1021 3896 expeditio
1039 3841 1119 3898 quem
1139 3825 1182 3876 di-

89 3901 179 3952 aimus
206 3899 288 3950 finem
313 3906 457 3950 consecuta
483 3906 532 3950 est.
579 3902 717 3951 Amarates
745 3914 863 3951 reversus
890 3898 920 3950 in
937 3899 1011 3965 regni
1030 3898 1073 3949 soi
1091 3897 1182 3950 sedem

90 3987 146 4022 non
167 3971 255 4022 muita
277 3977 340 4038 post
359 3967 462 4020 bellum
482 3969 609 4036 Byzantio
636 3969 781 4022 inserebat.
818 3969 981 4021 Graecorum
1002 3985 1064 4036 rege
1081 3969 1183 4020 Ioanne

90 4041 231 4104 defuncto,
250 4041 280 4094 in
301 4041 520 4104 Constantinum,
536 4040 657 4093 defuncti
679 4041 797 4103 fratrem,
817 4039 891 4107 regni
913 4041 1045 4093 successio
1064 4039 1182 4092 devenit.

90 4129 152 4164 uam
168 4115 273 4166 ioanne
291 4120 397 4164 mortuo
418 4111 501 4164 frater
526 4114 583 4164 eius
606 4113 756 4164 Demetrius
773 4113 802 4163 in
823 4112 897 4179 regni
925 4113 1118 4164 successionem
1143 4109 1183 4159 ie·

91 4184 219 4238 stinabat.
256 4199 347 4238 serum
364 4181 516 4254 prohibitus
540 4193 581 4237 est
607 4183 640 4235 ah
668 4183 819 4255 oppidanis,
837 4191 942 4248 matre,
965 4183 1082 4245 arbitris,
1102 4189 1129 4232 et
1148 4179 1182 4230 ab
1270 4187 1273 4194 '
