2704 4624
194 253 270 334 ιοῑι,
428 263 593 331 mourcr
626 264 1010 360 cutncoeouuumn

189 409 387 500 προειρηιιύτι
407 412 442 478 τὸ
464 413 557 503 [γύρ]
579 419 666 491 νιλέος
696 418 798 481 αύτού
819 417 852 492 ἐς
872 417 930 499 τὴν
954 419 1140 500 οἰκουμένην
1159 419 1278 498 ἐσόμε-

188 537 250 582 νον.
292 510 347 576 διὰ
367 516 459 578 τούτο
479 513 523 599 μη
545 513 724 598 ἐπιτρέπειν
745 511 1034 597 ἀνδραποδίζεσθαι
1053 515 1252 598 Ἀρμενίους,

273 615 381 678 Ταῦτα
405 615 513 694 μέντοι
533 617 567 690 ἐς
588 614 644 696 τὴν
665 615 1160 698 νομοθεσίαν’ἀποδεδειγμένους
1181 617 1276 704 αύτῷ

102 711 229 791 munic
252 723 396 782 πλεῖστον
419 718 477 798 τῆς
500 717 682 800 οἰκουμένης
702 721 842 798 κατέχειν
869 719 987 802 μέρος,
1021 721 1076 782 καί
1104 720 1160 784 ἐπί
1186 720 1275 802 μέγα

184 821 288 881 ἐλθεῖν
316 816 385 882 ἐστο
411 814 469 899 τὴν
494 810 606 882 Ἀσίαν
637 818 694 881 καί
719 821 752 892 ές
779 819 838 901 τὴν
869 817 998 904 Λιβύην
1024 822 1080 883 uae
1099 820 1132 896 ἐς
1152 829 1303 903 μοῖρανῡ

185 919 239 999 τῆς
270 915 423 1000 Εύρούπης
453 915 511 979 οδιι
546 917 669 1001 σ’λίγην,
690 917 748 1000 την
777 919 809 992 ἐς
831 919 959 992 Σκύθας
979 941 1015 981 τε
1043 918 1098 983 καί
1116 918 1192 1000 τούς
1213 923 1274 983 νύν

101 1025 175 1084 iton
189 1015 362 1098 Τσδριισυς,
382 1012 438 1078 καί
454 1015 488 1089 ές
507 1013 565 1099 τήν
583 1009 722 1101 Ἰβηρίαν
745 1015 818 1091 τούς
837 1039 873 1099 γε
895 1021 1036 1099 Λίβυας.
1090 1021 1211 1102 λέγεται
1233 1021 1273 1084 δὲ

183 1117 369 1199 τελευτῆσαι
388 1113 443 1178 tut
461 1115 554 1178 παιδί
567 1113 659 1202 Ἀλίη
671 1114 870 1198 βασιλεύοντι
888 1117 1054 1200 Ἀραβίας·
1096 1116 1216 1182 ἐκεῖνόν
1235 1143 1274 1182 τε

182 1211 244 1295 γὰρ
267 1208 313 1288 nic
333 1215 507 1298 νομοθέτην
526 1212 720 1298 προσέμενύν
740 1239 795 1296 τε,
819 1219 873 1280 κατ’
895 1215 1078 1297 πειθόμενοι
1100 1217 1196 1304 αύτῷ,
1218 1220 1274 1302 ἐφ’

183 1307 257 1376 δτί
275 1333 310 1394 γε
345 1306 384 1378 ἐν
405 1315 559 1399 ἐξηγοῖτο,
589 1314 768 1397 ἐπέτρεψύν
789 1339 823 1379 τε
855 1310 942 1401 αύτῷ
964 1315 1005 1380 τοὶ
1025 1315 1194 1398 πράγματα
1216 1321 1321 1388 καίεο

181 1415 267 1496 σφᾶς
296 1410 413 1489 αύτούς
446 1415 589 1497 χρῆσθαι
609 1408 695 1488 ὅπως
724 1408 765 1478 ἐν
793 1413 950 1496 βούλοιτο.
1003 1415 1083 1496 μετὰ
1106 1419 1142 1482 δέ
1163 1421 1271 1480 ταύτα

180 1510 317 1595 στρατόν
336 1535 369 1577 τε
396 1517 584 1596 συναγείρας
604 1511 648 1588 ούς
667 1521 832 1594 πλεῖστον,
858 1515 948 1602 ἐπῄει
967 1519 1022 1598 τῆς
1041 1537 1076 1580 τε
1098 1517 1269 1598 Αἰγύπτου

180 1611 235 1674 ιιαί
251 1615 308 1694 τῆς
336 1604 433 1696 ἄλλης
459 1613 608 1694 Ἀραβίας
635 1611 718 1677 ἐστιν
751 1608 774 1676 rii
796 1614 1103 1697 καταστρεψόμενος,
1135 1612 1271 1698 κοίτην

179 1712 314 1795 ψάμμον
348 1710 463 1792 διαβὰς
488 1710 544 1796 τῆς
572 1711 723 1795 Ἀραβίας
750 1710 792 1777 τοὶ
815 1715 890 1800 τῇδε
920 1714 1022 1777 αύτοῠ
1041 1709 1118 1798 ἔθνη
1144 1713 1268 1799 ύπηγύ-

177 1833 261 1896 γετο.
312 1809 505 1893 βασιλεύσας
531 1807 586 1896 ἔτη
609 1855 618 1875 .
643 1857 653 1876 .
675 1855 685 1876 .
711 1859 719 1875 .
740 1812 923 1897 ἐτελεύτησε
952 1815 987 1878 δέ
1015 1815 1049 1878 ἐν
1074 1816 1182 1901 χωρίῳ
1203 1815 1270 1878 τινί
1281 1839 1314 1890 15

182 1913 282 1991 Μενέ,
307 1910 426 1976 ούτοισί
444 1914 634 2000 καλουμένῳ.
676 1915 730 1976 καί
750 1905 767 1975 t'
789 1935 824 1976 τε
843 1910 978 1996 στρατός
998 1917 1054 1976 καί
1072 1912 1103 1977 οἱ
1123 1912 1181 1996 την
1200 1913 1269 1996 χύ-

149 2031 238 2096 τραν
264 2011 418 2086 οἰκοῦντες
448 2007 579 2093 ἔθαψαν
610 2010 709 2076 αύτόν
733 2015 979 2096 μεγαλοπρεπῶς
1009 2017 1064 2077 ναί
1087 2016 1269 2098 ἐπένθησαν

175 2108 328 2194 μεγάλοις.
370 2108 425 2174 καί
444 2109 571 2186 τελετδς
602 2109 688 2198 αύτῷ
718 2113 881 2176 ποιούντσι
903 2108 932 2175 oi
958 2103 1100 2196 Ἀραβες
1120 2111 1180 2177 α’νά
1203 2116 1269 2177 πᾶν

176 2207 244 2285 ἔτος
265 2208 309 2283 σδς
328 2202 414 2293 ἤρωί
430 2231 463 2274 τε
484 2211 539 2276 ναί
558 2207 619 2272 rino*
643 2213 724 2273 θεοῦ
744 2206 828 2292 τύχα
850 2213 882 2286 ἐς
903 2211 959 2294 τὴν
980 2213 1168 2291 νομοθεσίαν
1186 2216 1269 2298 σφί-

175 2333 227 2372 σιν
247 2307 342 2392 οἶνδρί
363 2311 475 2391 εύαγεῖ
501 2307 762 2397 ἅποδεδειγμένερ.
811 2310 848 2373 τύ
875 2333 909 2373 τε
940 2313 972 2386 ἐς
994 2311 1051 2396 τη“ν
1071 2315 1311 2393 νομοθεσίανρη

176 2409 297 2490 ἐπιεικῆ
319 2429 353 2472 τε
374 2409 430 2472 καί
448 2401 486 2470 ού
506 2405 649 2496 τορύννιρ
668 2411 821 2496 γενομένῳ
850 2403 949 2484 οὕτως
968 2413 1167 2493 γεγενῆσθαι.

255 2507 339 2572 Ἐπεί
358 2508 393 2572 δέ
414 2507 625 2591 ἐτελεύτησεν,
653 2507 809 2594 Ὀμούρης
839 2506 856 2571 ὅ
887 2513 950 2574 τύν
978 2513 1131 2595 μαθητῶν
1162 2510 1268 2576 αύτού

176 2734 226 2770 αυτ
246 2715 355 2787 quidem
373 2715 535 2769 vaticinetur
558 2725 599 2768 eet
628 2717 741 2786 glorium
755 2717 913 2772 Mechmetie
932 2735 981 2790 per
999 2720 1150 2772 uuiversum
1170 2721 1263 2772 orbem

176 2786 383 2858 propagandam.
434 2795 528 2858 estque
559 2787 625 2839 haec
654 2791 730 2841 unice
749 2807 844 2853 οαιιεε,
862 2791 911 2842 viri
940 2789 1036 2842 honori
1055 2791 1083 2842 id
1101 2793 1265 2854 tribuentem

176 2857 249 2930 quod
270 2859 346 2910 uuila
366 2857 400 2908 nb
420 2859 541 2910 Armenia
561 2860 694 2928 mancipia
713 2859 855 2912 obducant.

245 2927 319 2982 Haec
352 2929 461 2998 quidem
488 2929 536 2980 ubi
553 2929 716 2982 Mechmetee
735 2929 839 2997 legibue
865 2932 1010 2990 enunieret,
1028 2930 1172 3000 plurimum
1190 2931 1265 2982 orbis

176 3007 279 3071 partem
305 3000 453 3068 occupevit.
497 3002 526 3052 in
549 3001 611 3052 Aria
636 3000 721 3067 Libyn
749 3010 776 3052 et
797 3003 917 3070 Europae
944 3003 1052 3070 regione
1074 3019 1128 3052 non
1147 3001 1263 3063 σταδίου,

175 3087 245 3140 queo
264 3087 293 3122 ιε
314 3071 436 3122 extendit
454 3071 489 3122 od
506 3069 616 3138 Scythas
635 3080 663 3122 et
681 3071 716 3123 ed
737 3088 783 3123 σοι
801 3074 849 3141 qui
867 3073 951 3124 hodie
969 3081 1032 3124 eunt
1042 3073 1155 3134 Turoni,
1175 3089 1264 3141 utque

176 3141 209 3192 ed
231 3141 344 3192 iberiam
362 3158 418 3193 nou
444 3158 525 3210 poree
545 3139 704 3195 Meehmetie
732 3142 824 3195 extitit
851 3145 1005 3196 auctoritas.
1049 3151 1170 3195 mortuno
1202 3161 1262 3196 eme

174 3210 290 3264 traditur
306 3211 363 3262 filio
382 3227 430 3262 eno
451 3213 527 3264 Aliae
545 3211 669 3264 Arabium
684 3222 801 3281 regente.
836 3213 909 3266 hunc
927 3216 998 3266 enim
1012 3213 1193 3282 legislatorem
1214 3215 1263 3266 ubi

175 3283 307 3354 promptis
326 3282 421 3334 enimin
440 3285 643 3353 neenmpeieeet‚
665 3285 689 3334 ei
712 3283 873 3336 obedierunt
893 3286 921 3336 in
941 3285 1076 3346 omnibus,
1096 3301 1263 3356 quocunque

175 3353 283 3406 tandem
301 3355 374 3424 ipsos
393 3353 537 3406 eduxisset.
574 3355 655 3406 etiem
675 3371 760 3405 rerum
781 3372 887 3409 enarum
909 3373 1037 3408 nummum
1056 3358 1100 3408 isti
1119 3357 1262 3407 commine-

175 3433 246 3487 runt,
265 3434 295 3477 ut
314 3426 381 3496 ipsis
399 3443 447 3494 pro
465 3443 513 3476 eno
532 3425 642 3477 arbitrio
661 3433 790 3478 uteretur.
827 3425 891 3478 hinc
911 3428 1002 3496 copiae
1020 3429 1153 3480 contraxit
1173 3427 1263 3497 pluri-

174 3511 238 3560 mae,
257 3513 322 3568 qum
342 3505 433 3548 contre
453 3498 600 3565 Aegyptum
619 3495 706 3559 duxit,
725 3505 753 3550 et
771 3498 891 3566 reliquae
910 3497 1024 3550 trebiae
1043 3497 1176 3568 quaedem
1195 3498 1262 3548 eub-

175 3571 239 3634 egit·
274 3569 407 3620 transiens
426 3576 514 3620 autem
533 3567 590 3618 locu
608 3583 720 3618 arenosa
739 3567 866 3631 Arabiae,
893 3577 985 3636 gentes
1004 3569 1041 3620 ibi
1058 3575 1195 3619 morantes
1212 3585 1261 3618 suo

175 3639 287 3707 imperio
311 3637 443 3699 adiunxit.
479 3654 539 3688 cum
565 3645 701 3706 regoneeet
727 3639 804 3690 annis
828 3651 844 3691 ἐ
868 3665 881 3690 ε
906 3638 1049 3690 defunctui
1078 3645 1119 3690 ert
1147 3639 1176 3690 in
1199 3640 1261 3690 loco

175 3707 290 3779 quodem
309 3711 353 3761 cui
369 3726 467 3760 nomen
485 3717 525 3760 eet
545 3709 649 3760 Mechn.
687 3710 787 3762 militer
807 3710 977 3780 regionisque
995 3709 1100 3762 incoiee
1119 3711 1262 3778 magnifice

175 3781 304 3848 exequiae
323 3780 458 3832 durnerunt
478 3789 506 3830 et
523 3781 638 3846 graviter
656 3796 716 3830 eum
735 3781 837 3832 iuxere.
883 3782 1027 3850 quotennie
1047 3781 1076 3832 in
1096 3781 1155 3832 eius
1172 3779 1262 3832 hono-

175 3867 228 3901 rem
248 3867 321 3900 encra
341 3850 443 3902 iaciunt
461 3850 567 3902 Arabes.
608 3849 690 3902 herne
718 3851 816 3904 etenim
840 3851 972 3922 quendem
997 3868 1058 3902 eum
1076 3867 1134 3902 eme
1154 3861 1262 3920 putent,

175 3919 345 3990 eundemque
364 3931 394 3972 nt
412 3923 496 3972 virum
517 3929 636 3972 nanctum
657 3918 740 3973 odeo
760 3921 923 3986 ordinatum,
942 3931 971 3974 ut
989 3923 1052 3991 ipsis
1072 3921 1147 3992 leges
1170 3923 1264 3984 ferret,

176 4007 255 4062 quem
275 3992 302 4041 in
324 3989 420 4042 dandis
437 3991 542 4058 legibue
560 4009 616 4043 non
635 3999 794 4059 tyrannum,
812 4001 842 4046 et
859 3993 942 4046 virum
961 3991 1094 4064 quendem
1114 3993 1265 4063 aequitatis

174 4063 217 4114 vei
238 4062 264 4111 in
285 4063 375 4130 primie
394 4070 528 4113 ementem
547 4062 706 4116 iudicarunt.

246 4133 354 4186 Mortuo
381 4131 549 4197 Meconem,
579 4134 709 4188 Honores
729 4133 922 4206 diecipulnrnm
942 4135 1152 4207 spectatissimus
1172 4151 1188 4186 α
1207 4136 1265 4186 suto
