2704 4624
193 275 262 342 120
428 271 593 338 LAONlCl
623 269 1009 338 cnumoconnmn

188 436 259 494 λεια
281 429 314 492 έν
334 428 373 514 τῇ
395 423 483 488 πόλει
505 429 545 512 τῇ
577 421 662 507 παρα
685 421 744 506 την
760 419 937 503 θάλασσαν,
963 469 971 485 .
994 470 1001 486 .
1024 469 1031 485 .
1056 469 1064 485 .
1088 423 1278 502 καλουμένη,

186 525 308 611 μεγάλη
329 549 363 592 τε
386 527 441 588 καί
460 522 585 610 πλοδτιρ
608 527 824 608 προφέρουσα.
871 519 983 606 ὄμορεί
1001 524 1036 585 δέ
1055 522 1092 608 τῇ
1112 545 1148 584 τε
1169 521 1277 603 Αἰγιλ-

188 651 254 716 τιιιρ
276 627 332 690 καί
351 627 489 708 Περσῶν
518 621 609 710 χώρᾳ
627 624 683 686 καί
708 621 901 703 Ἀσσυρίων.
944 618 1006 684 rino*
1031 619 1092 704 γὰρ
1114 623 1279 704 Κολχίδος

154 729 243 794 Deos*
265 722 395 808 Φάρσυς
411 724 521 806 χώρας
549 724 582 797 ἐς
611 719 665 806 τὴν
684 721 852 786 θάλασσαν
874 720 931 804 τὴν
954 723 987 796 ές
1007 721 1064 803 τὴν
1083 723 1191 801 κσιλην
1211 725 1277 782 Συ-

186 829 280 909 ρίαν,
301 825 333 900 ές
358 822 414 907 την
434 819 631 888 Λαοδίκειαν
652 823 848 902 καλουμένην
868 823 982 901 πόλιν,
1010 819 1060 904 εἴη
1089 822 1119 884 δ’
1141 815 1183 882 δν
1202 818 1312 898 ὁδ’ὁς5

125 909 130 924 ’
184 925 341 1012 ἡμερῶν.
366 971 375 992 .
400 971 438 987 ..
467 924 562 1006 α’νδρί
597 919 722 1006 ου’ζώνιρ
746 923 827 1007 πεζῇ
853 921 1107 1008 διαπορευομένῳ
1128 917 1187 1004 τὴν
1207 917 1277 1000 χαί-

184 1049 254 1110 ραν,
275 1025 331 1088 καί
348 1021 383 1088 τὸ
404 1023 552 1086 ε’ντεῦθεν
568 1023 623 1103 τῆς
646 1019 731 1084 κάτω
745 1018 855 1095 Ἀσίας
875 1017 953 1084 ὡσεί
967 1019 1161 1103 χερρόνησον
1184 1027 1278 1102 γέγε-

183 1129 309 1208 νῆσθαι,
328 1121 384 1186 καί
401 1118 456 1203 τήν
478 1144 511 1185 τε
528 1117 684 1204 Ἀραβίαν
707 1117 793 1193 ε’κτὸς
812 1124 957 1202 γίνεσθαι
978 1121 1034 1202 τῆς
1053 1116 1172 1194 Ἀσίας.
1205 1115 1277 1182 ἔστι

184 1225 220 1288 δὲ
239 1219 258 1306 ἢ
276 1219 369 1304 χαλρα
390 1213 474 1303 αὕτη
495 1217 664 1305 ἐπίφορος,
683 1217 737 1282 καί
759 1220 896 1302 δένδρων
916 1242 948 1284 τε
969 1219 1025 1282 καί
1046 1218 1197 1304 φοινίκων
1218 1240 1276 1280 πε-

185 1324 381 1406 πληρωμένη,
404 1317 459 1384 καί
481 1321 515 1384 έν
534 1322 621 1406 με’σιρ
642 1320 730 1382 δυοῖν
744 1327 898 1399 ποταμοῖν
918 1320 1102 1402 περίρρυτος
1122 1319 1274 1400 γενομένη
1287 1340 1329 1392 10

183 1417 323 1506 aregunde
351 1443 385 1484 τε
413 1419 540 1502 ἐκφέρει
567 1415 742 1502 ὑπερφυεῖς
762 1419 807 1504 τῷ
829 1419 956 1500 μεγέθει
979 1420 1034 1481 καί
1055 1415 1276 1493 πσλλασλασί.

184 1543 262 1598 ους,
285 1515 365 1584 ὥστε
392 1519 566 1598 είδαίμονα
598 1513 659 1579 sino*
687 1519 750 1580 suiv
782 1517 999 1600 παλαιοτέρων
1021 1519 1195 1600 κεκλῆσθαι
1218 1509 1276 1578 ἇν-

184 1623 277 1704 δρσδν.
329 1616 383 1683 διὰ
412 1619 512 1680 ταῦτα
540 1613 595 1680 ἐπί
621 1612 737 1700 ταύτην
767 1613 824 1698 τήν
851 1617 1023 1699 Ἀραβίαν,
1053 1611 1276 1682 ὅτιΚαδδσυ.

101 1739 129 1792 Ρ,
141 1723 264 1795 σασίσις
279 1717 335 1782 ὑπ’
347 1719 450 1781 adron*
464 1719 707 1797 πολεμουμένοις
726 1715 899 1798 συνεμάχει
916 1717 1146 1796 αἰτιασάμενος,
1158 1717 1276 1798 ε’στρα.

183 1820 304 1886 τευετσ.
355 1819 410 1882 καί
438 1818 487 1890 δίς
517 1819 576 1897 μὲν
612 1818 790 1897 ε’μαχέσατσ
820 1819 864 1902 τῷ
885 1815 1030 1898 Ἀράβων
1050 1811 1275 1900 στρατεύματι,
1289 1843 1326 1894 15

138 1935 141 1949 ’
184 1919 238 1984 καί
270 1919 340 1982 συ’δ’
369 1913 412 1992 oie
434 1915 581 2001 ἠδυνήθη
603 1919 803 1998 τρέψασθαι·
852 1913 933 1996 μετὰ
960 1917 996 1980 δὲ
1021 1914 1278 1997 διαπρεσβευσα-

183 2039 286 2100 μενος,
307 2013 390 2082 ὥστε
411 2013 565 2099 στρατιὰν
596 2016 708 2078 δοῦναι
737 2017 791 2078 καί
812 2013 910 2100 φόρον
939 2015 1072 2096 ἀπάγειν
1091 2016 1150 2078 τοῦ
1172 2010 1276 2096 ἔτους,

119 2159 121 2164 -
184 2114 260 2184 ὅσον
279 2111 318 2180 ι’ίν
340 2117 451 2202 σφίσιν
471 2113 641 2192 ἐπιτάττοι,
660 2111 797 2188 σπονδάς
818 2139 851 2178 τε
871 2113 1041 2196 ἐποιήσατο
1054 2116 1109 2178 καί
1128 2112 1164 2177 τὸ
1189 2158 1276 2180 ....

183 2215 231 2282 ἐπ’
252 2215 351 2282 αίτὸν
381 2211 524 2296 Ἀράβων
547 2211 767 2295 πρέσβεις,σῖ
794 2215 849 2276 καί
878 2210 1064 2298 α’φικόμενσι
1083 2212 1277 2297 πρυΐσχσντό

182 2339 216 2380 τε
245 2317 302 2398 τὴν
328 2314 440 2396 χώραν
459 2315 531 2376 -τσιῖ
560 2307 661 2394 ἥρωος
689 2313 735 2394 μὴ
767 2319 936 2397 λεηλατεῖν,
957 2315 1012 2376 καί
1033 2311 1153 2377 ἐδέοντο
1176 2315 1324 2397 antimo

185 2408 242 2478 dtr
261 2418 349 2496 γένος
368 2435 401 2478 τε
423 2405 515 2488 ὄντας
534 2415 591 2476 τοῦ
611 2413 803 2494 νομοθέτου,
824 2413 880 2476 καί
899 2415 1036 2494 πατέρας
1056 2406 1136 2477 εἶναι
1156 2415 1221 2476 τῶν
1241 2415 1276 2486 ἐς

184 2510 276 2596 τήνδε
297 2514 353 2576 τοῦ
381 2506 484 2595 ἥρωος
511 2506 685 2574 τελσίνταν
709 2513 890 2596 θρησκείαν.
936 2513 1098 2592 νομίζεται
1122 2513 1276 2575 δὲταῦτα

184 2611 218 2678 τὸ
236 2616 323 2696 γένος
348 2610 476 2692 είσεβές
510 2632 543 2674 τε
562 2607 617 2672 καί
638 2605 750 2693 ἅγιον,
772 2605 820 2676 ὅτι
841 2634 874 2676 τε
896 2613 1055 2697 προῆλθεν
1075 2613 1110 2676 ix
1131 2613 1186 2695 τῆς
1206 2609 1276 2694 χαί-

255 2761 294 2815 16.
314 2765 362 2816 καὶ
380 2758 421 2816 δυ’
442 2759 479 2822 nic
496 2760 515 2812 P

186 2925 230 2992 gni
248 2922 325 2977 sedes
345 2931 386 2974 est
410 2921 473 2974 urbs
496 2922 570 2974 iuxiu
594 2939 665 2974 mure
683 2923 754 2986 sits,
775 2941 853 2994 quam
872 2931 986 2986 vocant,
1005 2939 1100 2992 magne
1118 2921 1276 2993 opibusque

185 2995 287 3062 vigens.
325 2994 437 3045 finitima
454 3002 495 3044 est
512 3010 543 3044 en
559 2995 763 3062 genedegyptu,
783 3003 811 3046 et
830 2995 964 3046 Persarum
987 2995 1207 3064 Assyriorumque
1230 3011 1275 3046 re-

186 3067 291 3134 gionem
322 3064 437 3130 attingit.
481 3080 542 3116 nom
571 3063 737 3116 nColchide
758 3069 785 3116 ct
811 3065 910 3116 Pharus
929 3066 1037 3132 regione
1055 3065 1091 3117 erl
1107 3082 1180 3117 mure
1197 3065 1275 3136 quod

185 3137 332 3206 porrigitur
349 3135 379 3196 in
399 3133 594 3204 Coelesyriam,
612 3151 696 3204 nsque
715 3134 750 3187 nd
772 3134 864 3187 urbem
884 3137 1044 3188 Laodiceam
1063 3136 1170 3198 dicum,
1190 3136 1276 3188 luerit

185 3207 238 3257 iter
256 3205 359 3256 dierum
377 3205 434 3256 viro
453 3205 590 3274 expedito,
609 3205 727 3274 pedestri
748 3207 846 3258 itinere
872 3207 1006 3274 regionem
1028 3207 1188 3260 transeunti.
1207 3206 1275 3258 binc

186 3275 322 3328 inferioris
346 3277 425 3328 Asiae
454 3277 531 3328 istum
552 3285 654 3348 partem
677 3277 773 3328 scimus
798 3278 825 3329 in
846 3275 1007 3332 Chersonesi
1039 3280 1149 3330 formum
1175 3277 1274 3346 redigi,

186 3345 367 3417 Arabismque
387 3356 462 3400 enirn
482 3347 571 3400 Asiam
597 3347 723 3417 relinqui.
760 3355 801 3399 est
827 3356 915 3399 nutem
937 3349 1033 3400 Arabia
1051 3349 1174 3419 plurimis
1192 3349 1274 3401 erbo·

186 3419 260 3470 ribus
277 3418 429 3490 palmisque
446 3419 557 3480 consilo,
577 3425 604 3469 et
621 3418 649 3470 in
667 3417 755 3470 medio
777 3415 890 3470 duorum
903 3419 1041 3472 fluminum
1059 3423 1119 3482 site,
1141 3419 1174 3471 ab
1197 3429 1274 3472 utro-

186 3507 239 3561 que
258 3489 378 3561 undique
399 3489 520 3540 alluitur.
556 3489 656 3541 fructus
671 3489 867 3558 proicrtsupre
885 3489 991 3540 modum
1012 3500 1069 3542 tuns
1087 3507 1197 3558 mugnus
1216 3499 1274 3542 lum

186 3559 360 3630 multiplices.
396 3559 460 3612 hinc
476 3567 579 3612 veteres
600 3560 767 3610 occasionem
786 3568 923 3614 sumentes
942 3577 1000 3611 eam
1015 3563 1129 3614 Felicem
1147 3561 1274 3630 appelle-

185 3647 256 3683 τετε.
292 3631 361 3684 hunc
380 3632 516 3698 regionem
533 3632 610 3681 armis
628 3629 732 3682 infestis
747 3646 884 3697 aggressus
904 3632 1085 3696 est‘l'emires,
1103 3633 1199 3682 incolis
1218 3633 1273 3682 cri-

186 3703 252 3754 mini
271 3701 339 3754 dens
357 3717 467 3772 operam
483 3709 591 3752 strenue
609 3709 731 3752 navalem
749 3699 904 3764 Cuddusiis,
925 3719 985 3754 cum
1004 3719 1049 3754 ene
1067 3702 1142 3754 bello
1162 3704 1274 3754 statuis-

189 3781 230 3826 set
247 3773 364 3825 domare.
403 3771 445 3824 bis
466 3771 586 3824 conflixit
604 3787 665 3822 cum
682 3771 797 3822 Arabum
819 3774 946 3824 exercitu.
988 3791 1102 3844 cumque
1121 3790 1168 3825 eos
1186 3775 1273 3824 victos

187 3843 249 3895 dore
268 3862 324 3898 nou
342 3851 442 3912 posset,
460 3842 563 3909 legatos
582 3843 700 3904 mittens,
719 3842 851 3894 militibus
871 3845 1038 3914 tribumque,
1059 3845 1134 3913 qnod
1152 3853 1272 3914 quoten-

186 3915 228 3965 nis
250 3913 409 3982 penderent,
428 3913 572 3981 imperatis,
591 3929 684 3983 pucem
702 3915 813 3966 cumeis
831 3914 905 3966 iecit.
942 3933 972 3966 en
993 3922 1161 3984 tempestate,
1183 3916 1271 3983 prius·

186 4000 266 4054 quum
288 3986 316 4034 in
335 3983 430 4036 foedus
449 3985 581 4048 coiretur,
607 3983 722 4036 Arabum
741 3985 821 4052 legati
840 3984 874 4036 acl
893 3984 1027 4036 Temircm
1047 4001 1204 4048 accessere,
1221 4003 1273 4055 po·

185 4062 290 4106 scentes
308 4071 342 4104 ne
362 4056 496 4121 regionem
515 4053 614 4114 herois,
633 4056 680 4126 qui
700 4065 728 4107 et
747 4057 799 4126 ipsi
825 4055 859 4107 de
878 4071 974 4122 genere
993 4055 1154 4125 legislatoris
1174 4067 1272 4116 esseni.

186 4133 288 4178 restore
312 4131 462 4196 pergerent.
512 4122 576 4176 hnic
594 4127 711 4180 urationi
731 4125 913 4190 sdiioiebsnt,
938 4136 968 4179 ut
992 4129 1079 4184 velint
1099 4143 1157 4182 esse
1181 4137 1271 4198 patres
