2750 4628
203 241 275 314 296
452 238 620 336 monaci
654 247 1038 315 carascoconnsnau

198 397 353 482 ἐλληλσις.
374 401 429 464 καί
449 397 502 462 ἐπί
521 399 656 478 Βρίξιαν
676 395 767 462 πόλιν
786 395 934 472 ἐλθόντος
956 395 1098 466 Νικόλεω
1119 401 1179 460 τοῦ
1198 402 1306 480 Βρα-

198 500 281 582 χέσς,
302 501 357 564 καί
375 501 614 580 πολιορκοῦντος
631 495 690 580 τη“ν
713 497 806 562 πόλιν
831 497 874 572 σός
896 495 1123 580 ἐξαιρήσοντας,
1142 496 1304 578 α’ντέστη-

198 625 259 665 σαν
280 597 334 663 ἐπί
353 579 472 678 σόχνόν
489 620 559 660 τινα
579 594 708 678 χρόνον,
730 601 783 661 καί
811 598 843 672 ἐς
865 601 955 662 τοῦτο
976 597 1111 681 ἀνάγκης
1133 598 1304 679 ἐληλυθέ-

197 723 249 764 ναι
271 693 351 762 uiors
385 700 442 760 καί
467 692 553 770 μόας
574 699 630 761 καί
645 700 743 779 γαλᾶς
772 699 951 780 ἐδηδοκέναι
972 697 1026 759 καί
1045 694 1132 760 decad
1156 691 1298 775 όπενεγ.

196 806 261 862 κεῖν
281 795 325 880 μη
349 792 525 869 ἐνδιδόντας
546 792 582 859 τό
608 794 758 880 παράπαν
779 797 852 870 τούς
874 797 1009 878 Λίγυας.
1052 796 1083 858 Γ
1080 797 1230 880 ουέλφων
1258 797 1326 858 defi

196 905 314 980 μοῖραν
334 890 432 961 οὖσαν
453 899 487 960 ἐν
507 899 549 982 τῇ
570 893 659 960 πόλει
673 896 853 979 ἐπιστῆναι
867 897 930 960 ἐπί
946 897 1105 960 τοσοῦτον.
1147 894 1208 975 την
1230 893 1298 975 γάρ

195 1023 243 1063 τοι
271 999 405 1063 Ἰταλίαν
434 996 604 1078 σύμπασαν
632 998 665 1069 ἐς
695 997 753 1060 driu
786 999 901 1076 μοίρας
922 997 1142 1076 διακεκρίσθαι
1166 992 1299 1058 ἐπυθό-

161 1104 300 1178 υμεθα,
322 1095 379 1180 τη’ν
400 1119 431 1162 τε
461 1099 491 1162 Γ
489 1099 634 1181 eatinus
651 1098 706 1160 καί
724 1099 754 1160 Γ
753 1097 923 1178 ιβελλίνισν.
954 1091 1030 1182 ,ότῳ
1049 1097 1108 1175 μὲν
1133 1089 1190 1158 σόν
1212 1091 1298 1176 τρό-

193 1222 241 1286 πιρ
263 1197 318 1260 καί
337 1195 425 1278 γένος
446 1198 502 1259 καί
520 1197 627 1271 πόλεις
646 1199 709 1260 τῶν
728 1193 807 1259 autri
830 1195 888 1278 την
906 1196 1037 1262 Ἰταλίαν
1058 1193 1230 1279 ἁπανταχῇ
1257 1197 1294 1266 ἐς

193 1299 252 1362 edu
270 1295 372 1360 τοότοι
392 1295 509 1378 μοίρας
528 1297 644 1379 διέστη,
664 1291 745 1360 dara
765 1293 915 1378 dissidere
935 1296 1086 1375 πολεμίας
1103 1287 1195 1372 εἶναι,
1219 1296 1289 1356 διε·
1303 1305 1339 1356 10

192 1402 356 1478 νεχθεΐσσι
387 1399 428 1481 τῇ
455 1391 563 1482 γυιόμγγ
596 1394 650 1459 διό
672 1396 804 1480 παντός,
833 1395 889 1458 καί
908 1392 984 1458 ὅθεν
1004 1395 1061 1476 την
1081 1391 1185 1476 α’ργην
1206 1389 1290 1473 ἔσχε

191 1500 248 1577 τῆς
266 1498 434 1582 διαφορᾶς,
455 1483 527 1560 οὔτε
548 1491 632 1568 τινός
656 1491 821 1579 ἐπυθόμην
841 1493 922 1560 ὥστε
944 1495 1060 1578 όληθές
1075 1517 1105 1558 τι
1126 1496 1202 1576 περί
1222 1494 1290 1556 αό-

190 1599 252 1662 roi»
274 1597 484 1679 ἐπισημῆναι,
515 1587 579 1658 οὔτ’
601 1593 697 1668 αοίός
724 1594 982 1676 συμβαλλόμενος
1002 1592 1102 1675 ἔχοιμ’
1123 1589 1161 1658 όν
1181 1598 1290 1674 λέγειν

190 1721 220 1761 τι
241 1699 384 1778 ιίσφαλές
405 1699 480 1775 περί
500 1695 614 1760 αὐτῶν.
658 1695 674 1776 ἦ
695 1696 801 1774 μέντοι
815 1690 968 1776 Λιγόραιν
986 1695 1080 1775 gripu
1101 1697 1156 1756 καί
1175 1692 1193 1776 ἧ
1219 1699 1288 1758 τῶν

87 1795 332 1861 V·12³'1aav·lnv
360 1795 394 1870 ἐς
421 1793 479 1878 την
504 1797 535 1860 Γ
533 1797 694 1876 ιβελλίνοον
726 1795 926 1876 ἀποκέκριται
952 1803 1087 1877 μοῖραν,
1119 1793 1139 1875 ἦ
1162 1798 1198 1859 δὲ
1218 1797 1286 1858 τῶν
1298 1800 1333 1850 15

193 1895 354 1960 Ουἐνειιόν
376 1898 433 1960 καί
453 1897 516 1959 τῶν
535 1881 702 1974 ‘Pomptina
722 1894 776 1957 καί
799 1893 816 1978 'i
841 1891 962 1976 Μόρκη
982 1894 1015 1969 ἐς
1035 1891 1093 1976 τὴν
1106 1897 1285 1978 Γοαέλφονν

190 1995 296 2077 διέστη
326 1991 493 2082 διαφοράν.
548 1993 708 2076 Τυρρηνοί
736 1995 842 2074 μέντοι
870 1993 926 2057 καί
956 1992 974 2074 ἢ
1002 1991 1094 2074 χιόρα
1114 1995 1169 2075 τῆς
1186 1997 1284 2073 βασι-

189 2097 292 2173 λείας,
316 2093 371 2159 ἐπί
399 2095 560 2176 Ἰαπυγίαν
579 2090 704 2176 μακρόν
728 2092 945 2176 διατείνουσα,
966 2094 1018 2156 ἐπ’
1039 2095 1208 2176 α’μφότερα
1227 2117 1284 2156 τα.

188 2192 417 2258 λαντιόονται·
461 2191 490 2259 οἱ
512 2196 572 2272 μὲν
591 2192 650 2275 γόρ
676 2191 796 2258 τοότισν
816 2193 848 2268 ἐς
868 2191 925 2274 τὴν
945 2195 976 2256 Γ
974 2195 1118 2278 oedipus
1138 2192 1168 2256 oi
1191 2195 1227 2256 δὲ
1248 2195 1282 2267 ἐς

86 2300 113 2352 P·
128 2291 246 2374 157τῆν
271 2295 301 2358 Γ
299 2290 462 2372 ιβελλίναν
484 2294 701 2376 α’ποκέκρινται
720 2300 853 2377 μοῖραν,
882 2293 938 2356 καί
962 2291 997 2358 ἐν
1017 2299 1076 2380 μιᾷ
1099 2317 1133 2356 τε
1164 2291 1222 2358 καί
1241 2295 1328 2378 τῇὲθ

188 2386 269 2478 stringi
286 2391 374 2454 πόλει
405 2389 491 2458 ἔστιν
518 2395 598 2457 ι’δεῖν
625 2383 723 2476 cippos
760 2389 803 2456 sui
831 2394 928 2475 μοίρα
963 2395 1146 2477 διεστηκυία
1167 2416 1202 2456 τε
1225 2395 1282 2455 καί

185 2497 353 2572 μαγομένα
384 2489 544 2574 α’λλήλαις.
594 2493 636 2556 δι’
665 2493 688 2556 ό
709 2491 748 2573 δη
768 2492 822 2556 ναί
848 2491 891 2568 σός
911 2494 948 2558 τό
971 2496 1056 2558 πλέον
1076 2491 1133 2567 τός
1153 2491 1280 2564 στάσεις

189 2594 353 2672 λογίζομαι
374 2590 560 2672 συμβαίνειν
575 2599 641 2668 τοῖς
660 2591 740 2656 κατὰ
759 2591 816 2676 την
836 2592 968 2658 Ἰταλίαν
985 2594 1140 2676 γίνεσθαι.
1161 2597 1279 2673 συνέβη

187 2693 221 2757 δέ
244 2695 279 2757 ἐν
299 2689 398 2780 τούτῳ
427 2695 482 2756 καί
515 2690 591 2767 τούς
613 2693 648 2757 ἐν
670 2696 828 2782 Παταβίῳ
859 2692 1071 2776 ἐπαγομένους
1092 2690 1167 2770 τοός
1188 2697 1280 2780 σφῶν

188 2999 316 3054 Bracirius
336 3003 448 3058 Brixiam
468 3023 527 3058 cuna
546 3009 665 3062 exercitu
685 3009 767 3068 venit,
786 3024 899 3078 eamque
919 3024 1014 3077 capere
1033 3003 1180 3060 nitebatur.
1230 3025 1276 3058 ve-

189 3091 245 3123 rurn
267 3074 396 3142 oppidani
423 3075 594 3130 obsidionem
615 3079 695 3146 longo
716 3079 867 3130 tolerarunt
887 3087 1026 3148 tempore3
1052 3094 1141 3147 eoque
1160 3081 1277 3130 uecessi-

189 3145 252 3195 tatis
279 3154 389 3198 ventum
419 3157 478 3212 eet,
501 3159 531 3200 ut
558 3168 645 3202 rnures
665 3150 787 3218 seiesque
813 3149 926 3201 ederent
943 3160 971 3202 et
990 3149 1128 3201 ‹iurissimt
1150 3167 1276 3220 quaeque

189 3215 354 3268 sustinerent
373 3219 464 3286 potius
483 3237 563 3290 quam
584 3230 615 3272 nt
632 3222 700 3272 hosti
720 3219 854 3273 cederent.
893 3221 974 3274 sectio
989 3219 1184 3289 Gueiphorurn,
1206 3237 1275 3290 quae

190 3285 218 3336 in
237 3285 303 3336 urbe
321 3295 395 3350 eret,
422 3289 491 3340 adeo
510 3291 617 3342 fortiter
644 3293 812 3362 repugnavit.
859 3293 982 3342 universa
1003 3291 1081 3342 itatis
1098 3291 1128 3342 in
1147 3290 1215 3342 duas
1236 3293 1277 3342 sa-

190 3357 292 3408 ctiones
322 3357 406 3410 divisa
435 3369 491 3422 est,
509 3362 696 3430 Gueiphorum
721 3363 826 3413 scilicet
848 3371 875 3414 et
896 3361 1103 3414 Gibeiiinorum.
1138 3363 1275 3434 quomodo

189 3434 279 3479 antem
302 3427 380 3480 uriaes
401 3431 484 3482 totius
507 3432 601 3483 [taliae
620 3432 648 3483 in
667 3433 713 3484 hes
733 3433 863 3484 sactiones
880 3433 1006 3492 abierint,
1025 3441 1053 3484 et
1073 3434 1142 3483 inter
1159 3449 1188 3482 se
1208 3450 1276 3484 sern-

190 3513 239 3568 per
258 3497 419 3553 dissidentes
440 3501 536 3552 animis
557 3512 694 3571 pugnent,
714 3515 743 3554 et
759 3503 832 3554 unde
860 3503 1008 3556 dissidendi
1028 3505 1132 3554 initium
1153 3514 1274 3556 exortum

190 3569 234 3630 sit,
256 3587 289 3620 ex
307 3573 414 3622 nemine
443 3590 561 3642 unquam
589 3573 679 3624 audivi
700 3575 906 3644 quicquam‚ut
923 3575 980 3625 veri
998 3573 1103 3644 aliquid
1123 3572 1158 3626 de
1178 3575 1210 3625 iis
1228 3574 1273 3624 de-

188 3641 336 3722 germinare
354 3642 473 3712 possim3
491 3660 541 3694 nec
556 3645 615 3712 ipse
633 3646 815 3696 coniecturam
837 3645 938 3696 sacient
959 3647 1055 3714 possins
1073 3644 1139 3714 quid
1161 3645 1225 3695 certi
1241 3645 1273 3698 de

189 3709 223 3760 ris
244 3711 358 3764 tradere.
402 3715 530 3781 Ligurum
556 3724 584 3766 et
608 3717 779 3767 iauuensiurn
804 3717 876 3783 regio
904 3715 1103 3768 Gibeiiinoruru
1131 3715 1272 3768 factionem

189 3789 325 3841 sectatur,
353 3783 452 3837 Veneti
479 3794 506 3836 et
524 3787 652 3848 Romani,
673 3804 777 3838 necnon
802 3785 938 3849 Marchia,
961 3787 1092 3856 Gueipiais
1119 3783 1271 3837 adhaerent.

188 3851 321 3915 Tyrrheni
350 3863 378 3904 et
398 3855 506 3923 reginas
533 3857 605 3924 regio
625 3875 695 3927 quae
716 3857 750 3908 ad
768 3859 902 3926 Iapygiam
921 3859 956 3907 'in
977 3856 1170 3925 longitudinem
1191 3865 1271 3925 patet,

188 3924 309 3992 utrisque
326 3925 412 3976 iavet:
441 3926 550 3995 quidam
570 3929 640 3978 enim
660 3928 754 3980 iturum
776 3929 804 3980 in
824 3927 1032 3998 Gueiphorum,
1050 3927 1158 3996 qrridarn
1177 3930 1204 3979 in
1224 3929 1271 3980 Gi·

187 3991 351 4044 beiiinorurn
383 3995 527 4049 factionem
558 3997 665 4048 siiscteti
691 4008 762 4050 erant.
814 3999 895 4050 etiarn
921 4000 948 4048 in
968 4017 1019 4048 urso
1041 3998 1190 4069 cadensque
1208 3999 1270 4050 siriae

187 4071 314 4132 utrasque
332 4065 397 4117 istas
417 4065 548 4119 sactiones
569 4069 639 4121 inter
657 4086 685 4119 se
703 4069 864 4122 dissidentes
884 4078 911 4120 et
929 4078 1078 4138 pugnantes
1095 4087 1204 4122 cernere
1223 4078 1269 4119 est.

186 4132 250 4186 hinc
272 4135 432 4208 pierumque
452 4138 598 4194 seditiones
619 4141 723 4195 italiam
748 4138 900 4194 colentibus
920 4141 1040 4193 accidere
1060 4148 1135 4212 puto.
1172 4140 1268 4194 accidit
