<?xml version="1.0" encoding="UTF-8"?>
<!DOCTYPE html PUBLIC "-//W3C//DTD XHTML 1.0 Transitional//EN"
    "http://www.w3.org/TR/xhtml1/DTD/xhtml1-transitional.dtd">
<html xmlns="http://www.w3.org/1999/xhtml" xml:lang="en" lang="en">
 <head>
  <title>
</title>
<meta http-equiv="Content-Type" content="text/html;charset=utf-8" />
  <meta name='ocr-system' content='tesseract 3.04.00' />
  <meta name='ocr-capabilities' content='ocr_page ocr_carea ocr_par ocr_line ocrx_word'/>
</head>
<body>
  <div class='ocr_page' id='page_1' title='image "./laonicichalcoco00chalgoog_0582.png"; bbox 0 0 2610 4618; ppageno 0'>
   <div class='ocr_carea' id='block_1_1' title="bbox 261 303 1070 380">
    <p class='ocr_par' dir='ltr' id='par_1_1' title="bbox 261 303 1070 380">
     <span class='ocr_line' id='line_1_1' title="bbox 261 303 1070 380; baseline 0.011 -10"><span class='ocrx_word' id='word_1_1' title='bbox 261 309 316 370; x_wconf 86' lang='lat' dir='ltr'><strong>DE</strong></span> <span class='ocrx_word' id='word_1_2' title='bbox 344 307 472 372; x_wconf 80' lang='lat' dir='ltr'>REBUS</span> <span class='ocrx_word' id='word_1_3' title='bbox 499 303 687 372; x_wconf 71' lang='lat' dir='ltr'><strong>auncinis</strong></span> <span class='ocrx_word' id='word_1_4' title='bbox 716 308 751 372; x_wconf 80' lang='lat' dir='ltr'><strong>L.</strong></span> <span class='ocrx_word' id='word_1_5' title='bbox 771 310 810 372; x_wconf 83' lang='lat' dir='ltr'><strong>X.</strong></span> <span class='ocrx_word' id='word_1_6' title='bbox 999 305 1070 380; x_wconf 81' lang='lat'><strong>563</strong></span> 
     </span>
    </p>
   </div>
   <div class='ocr_carea' id='block_1_2' title="bbox 10 453 1163 2338">
    <p class='ocr_par' dir='ltr' id='par_1_2' title="bbox 10 453 1071 642">
     <span class='ocr_line' id='line_1_2' title="bbox 10 453 1071 545; baseline 0.007 -23"><span class='ocrx_word' id='word_1_7' title='bbox 10 456 127 540; x_wconf 81' lang='grc' dir='ltr'><strong><em>όματος</em></strong></span> <span class='ocrx_word' id='word_1_8' title='bbox 147 458 278 541; x_wconf 84' lang='grc' dir='ltr'><strong><em>ἐκεῖνον,</em></strong></span> <span class='ocrx_word' id='word_1_9' title='bbox 297 457 352 524; x_wconf 81' lang='grc' dir='ltr'><strong><em>κατ’</em></strong></span> <span class='ocrx_word' id='word_1_10' title='bbox 370 457 425 524; x_wconf 74' lang='grc' dir='ltr'><strong>ἐπὶ</strong></span> <span class='ocrx_word' id='word_1_11' title='bbox 445 465 511 533; x_wconf 79' lang='grc' dir='ltr'><strong><em>τοῖς</em></strong></span> <span class='ocrx_word' id='word_1_12' title='bbox 541 457 713 537; x_wconf 75' lang='grc' dir='ltr'><strong><em>μέλλουσιν</em></strong></span> <span class='ocrx_word' id='word_1_13' title='bbox 734 453 868 524; x_wconf 75' lang='grc' dir='ltr'><strong><em>ἔσεσθαι</em></strong></span> <span class='ocrx_word' id='word_1_14' title='bbox 884 459 1071 545; x_wconf 70' lang='grc' dir='ltr'><strong><em>τόῖαιμονια</em></strong></span> 
     </span>
     <span class='ocr_line' id='line_1_3' title="bbox 10 557 321 642; baseline -0.01 -17"><span class='ocrx_word' id='word_1_15' title='bbox 10 562 27 634; x_wconf 84' lang='grc' dir='ltr'><strong>’ς</strong></span> <span class='ocrx_word' id='word_1_16' title='bbox 47 561 146 624; x_wconf 85' lang='grc' dir='ltr'><strong><em>ἐκεῖνο</em></strong></span> <span class='ocrx_word' id='word_1_17' title='bbox 167 557 202 624; x_wconf 83' lang='grc' dir='ltr'><strong>τὸ</strong></span> <span class='ocrx_word' id='word_1_18' title='bbox 222 562 321 642; x_wconf 74' lang='grc' dir='ltr'><strong><em>γένος.</em></strong></span> 
     </span>
    </p>

    <p class='ocr_par' dir='ltr' id='par_1_3' title="bbox 10 647 1163 1643">
     <span class='ocr_line' id='line_1_4' title="bbox 71 647 1130 748; baseline 0.005 -26"><span class='ocrx_word' id='word_1_19' title='bbox 71 647 167 722; x_wconf 83' lang='grc' dir='ltr'><strong><em>Τοῦτό</em></strong></span> <span class='ocrx_word' id='word_1_20' title='bbox 187 659 246 737; x_wconf 76' lang='grc' dir='ltr'><strong>μὲν</strong></span> <span class='ocrx_word' id='word_1_21' title='bbox 267 659 302 722; x_wconf 89' lang='grc' dir='ltr'><strong>ἐν</strong></span> <span class='ocrx_word' id='word_1_22' title='bbox 325 658 487 748; x_wconf 75' lang='grc' dir='ltr'><strong>Βυζαντίῳ</strong></span> <span class='ocrx_word' id='word_1_23' title='bbox 510 662 657 744; x_wconf 71' lang='grc' dir='ltr'><strong><em>γενέσθαι</em></strong></span> <span class='ocrx_word' id='word_1_24' title='bbox 677 653 887 739; x_wconf 75' lang='grc' dir='ltr'><strong><em>ἐπυθόμεθα·</em></strong></span> <span class='ocrx_word' id='word_1_25' title='bbox 913 657 985 726; x_wconf 85' lang='grc' dir='ltr'><strong>όόέ</strong></span> <span class='ocrx_word' id='word_1_26' title='bbox 1006 664 1070 726; x_wconf 77' lang='grc' dir='ltr'><strong>τάν</strong></span> <span class='ocrx_word' id='word_1_27' title='bbox 1125 673 1130 680; x_wconf 90' lang='grc'><em>“</em></span> 
     </span>
     <span class='ocr_line' id='line_1_5' title="bbox 10 751 1070 845; baseline 0.004 -25"><span class='ocrx_word' id='word_1_28' title='bbox 10 761 91 838; x_wconf 82' lang='grc' dir='ltr'><strong>υρῶν</strong></span> <span class='ocrx_word' id='word_1_29' title='bbox 111 755 251 840; x_wconf 77' lang='grc' dir='ltr'><strong><em>ήγεμοόν,</em></strong></span> <span class='ocrx_word' id='word_1_30' title='bbox 288 757 331 834; x_wconf 77' lang='grc' dir='ltr'><strong>ὥς</strong></span> <span class='ocrx_word' id='word_1_31' title='bbox 353 757 415 841; x_wconf 81' lang='grc' dir='ltr'><strong>οόχ</strong></span> <span class='ocrx_word' id='word_1_32' title='bbox 446 755 515 844; x_wconf 85' lang='grc' dir='ltr'><strong><em>ιόρα</em></strong></span> <span class='ocrx_word' id='word_1_33' title='bbox 544 757 646 824; x_wconf 82' lang='grc' dir='ltr'><strong><em>ἐδόκει</em></strong></span> <span class='ocrx_word' id='word_1_34' title='bbox 676 759 762 845; x_wconf 69' lang='lat' dir='ltr'><strong>ordeni</strong></span> <span class='ocrx_word' id='word_1_35' title='bbox 782 751 862 824; x_wconf 80' lang='grc' dir='ltr'><strong><em>εἶναι</em></strong></span> <span class='ocrx_word' id='word_1_36' title='bbox 881 763 1070 841; x_wconf 78' lang='grc' dir='ltr'><strong><em>προσβαλεῖν</em></strong></span> 
     </span>
     <span class='ocr_line' id='line_1_6' title="bbox 10 853 1069 944; baseline 0.003 -24"><span class='ocrx_word' id='word_1_37' title='bbox 10 866 51 930; x_wconf 84' lang='grc' dir='ltr'><strong><em>ιῖς</em></strong></span> <span class='ocrx_word' id='word_1_38' title='bbox 74 853 202 939; x_wconf 73' lang='grc' dir='ltr'><strong><em>πόλεσι,</em></strong></span> <span class='ocrx_word' id='word_1_39' title='bbox 233 861 397 924; x_wconf 73' lang='grc' dir='ltr'><strong><em>κατέλιπον</em></strong></span> <span class='ocrx_word' id='word_1_40' title='bbox 422 859 481 938; x_wconf 85' lang='grc' dir='ltr'><strong>μὲν</strong></span> <span class='ocrx_word' id='word_1_41' title='bbox 513 861 547 924; x_wconf 88' lang='grc' dir='ltr'><strong>ἐν</strong></span> <span class='ocrx_word' id='word_1_42' title='bbox 578 861 617 944; x_wconf 77' lang='grc' dir='ltr'><strong>τῇ</strong></span> <span class='ocrx_word' id='word_1_43' title='bbox 639 857 769 944; x_wconf 76' lang='grc' dir='ltr'><strong><em>Σπάρτῃ</em></strong></span> <span class='ocrx_word' id='word_1_44' title='bbox 787 856 909 942; x_wconf 81' lang='grc' dir='ltr'><strong><em>Ὀριιὶρη</em></strong></span> <span class='ocrx_word' id='word_1_45' title='bbox 928 860 983 924; x_wconf 79' lang='grc' dir='ltr'><strong><em>καῖ</em></strong></span> <span class='ocrx_word' id='word_1_46' title='bbox 1000 853 1069 941; x_wconf 78' lang='grc' dir='ltr'><strong><em>ἅμα</em></strong></span> 
     </span>
     <span class='ocr_line' id='line_1_7' title="bbox 10 953 1163 1043; baseline -0.002 -21"><span class='ocrx_word' id='word_1_47' title='bbox 10 959 68 1043; x_wconf 68' lang='lat' dir='ltr'><strong>risui</strong></span> <span class='ocrx_word' id='word_1_48' title='bbox 99 955 232 1042; x_wconf 75' lang='grc' dir='ltr'><strong><em>Ἀσάνη,</em></strong></span> <span class='ocrx_word' id='word_1_49' title='bbox 264 955 322 1033; x_wconf 79' lang='grc' dir='ltr'><strong><em>τός·</em></strong></span> <span class='ocrx_word' id='word_1_50' title='bbox 337 960 450 1042; x_wconf 77' lang='grc' dir='ltr'><strong><em>λόγους</em></strong></span> <span class='ocrx_word' id='word_1_51' title='bbox 473 981 507 1022; x_wconf 84' lang='grc' dir='ltr'><strong>τε</strong></span> <span class='ocrx_word' id='word_1_52' title='bbox 530 959 562 1034; x_wconf 81' lang='grc' dir='ltr'><strong>ἐς</strong></span> <span class='ocrx_word' id='word_1_53' title='bbox 592 955 666 1031; x_wconf 78' lang='grc' dir='ltr'><strong>τούς</strong></span> <span class='ocrx_word' id='word_1_54' title='bbox 683 953 886 1040; x_wconf 78' lang='grc' dir='ltr'><strong><em>Σπαρτιάτας</em></strong></span> <span class='ocrx_word' id='word_1_55' title='bbox 908 963 1163 1039; x_wconf 61' lang='lat' dir='ltr'><strong>uerrucarum!</strong></span> 
     </span>
     <span class='ocr_line' id='line_1_8' title="bbox 10 1054 1070 1142; baseline 0 -20"><span class='ocrx_word' id='word_1_56' title='bbox 10 1064 33 1123; x_wconf 88' lang='grc' dir='ltr'><strong><em>ιί</em></strong></span> <span class='ocrx_word' id='word_1_57' title='bbox 61 1057 315 1142; x_wconf 71' lang='grc' dir='ltr'><strong><em>ὑποστρέψαντες</em></strong></span> <span class='ocrx_word' id='word_1_58' title='bbox 343 1060 376 1134; x_wconf 87' lang='grc' dir='ltr'><strong>ἐς</strong></span> <span class='ocrx_word' id='word_1_59' title='bbox 407 1059 447 1122; x_wconf 85' lang='grc' dir='ltr'><strong>τό</strong></span> <span class='ocrx_word' id='word_1_60' title='bbox 474 1060 573 1124; x_wconf 80' lang='grc' dir='ltr'><strong><em>οἰκεῖα</em></strong></span> <span class='ocrx_word' id='word_1_61' title='bbox 603 1054 664 1122; x_wconf 85' lang='grc' dir='ltr'><strong><em>ιιίιό</em></strong></span> <span class='ocrx_word' id='word_1_62' title='bbox 684 1079 717 1122; x_wconf 89' lang='grc' dir='ltr'><strong>τε</strong></span> <span class='ocrx_word' id='word_1_63' title='bbox 745 1059 803 1122; x_wconf 81' lang='grc' dir='ltr'><strong>τοῦ</strong></span> <span class='ocrx_word' id='word_1_64' title='bbox 835 1056 993 1141; x_wconf 87' lang='grc' dir='ltr'><strong><em>Ταινάρου</em></strong></span> <span class='ocrx_word' id='word_1_65' title='bbox 1014 1061 1070 1122; x_wconf 85' lang='grc' dir='ltr'><strong><em>καῖ</em></strong></span> 
     </span>
     <span class='ocr_line' id='line_1_9' title="bbox 10 1151 1068 1242; baseline 0.002 -22"><span class='ocrx_word' id='word_1_66' title='bbox 10 1160 167 1240; x_wconf 84' lang='grc' dir='ltr'><strong><em>πιόαόρου</em></strong></span> <span class='ocrx_word' id='word_1_67' title='bbox 197 1161 252 1220; x_wconf 83' lang='grc' dir='ltr'><strong><em>κατ’</em></strong></span> <span class='ocrx_word' id='word_1_68' title='bbox 279 1159 342 1222; x_wconf 79' lang='lat' dir='ltr'><strong>saris</strong></span> <span class='ocrx_word' id='word_1_69' title='bbox 370 1151 474 1222; x_wconf 75' lang='grc' dir='ltr'><strong><em>ἄλλων</em></strong></span> <span class='ocrx_word' id='word_1_70' title='bbox 494 1155 643 1242; x_wconf 54' lang='grc' dir='ltr'><strong><em>χωρίων,</em></strong></span> <span class='ocrx_word' id='word_1_71' title='bbox 670 1157 725 1221; x_wconf 73' lang='grc' dir='ltr'><strong><em>ἵνα</em></strong></span> <span class='ocrx_word' id='word_1_72' title='bbox 753 1159 865 1220; x_wconf 77' lang='grc' dir='ltr'><strong><em>αὐτίκα</em></strong></span> <span class='ocrx_word' id='word_1_73' title='bbox 892 1153 1068 1238; x_wconf 79' lang='grc' dir='ltr'><strong><em>πυθόμενοι</em></strong></span> 
     </span>
     <span class='ocr_line' id='line_1_10' title="bbox 10 1255 1067 1338; baseline 0.002 -18"><span class='ocrx_word' id='word_1_74' title='bbox 10 1260 52 1332; x_wconf 47' lang='grc' dir='ltr'><strong>σός</strong></span> <span class='ocrx_word' id='word_1_75' title='bbox 76 1255 247 1332; x_wconf 83' lang='grc' dir='ltr'><strong><em>Ουένετοός</em></strong></span> <span class='ocrx_word' id='word_1_76' title='bbox 266 1256 402 1322; x_wconf 79' lang='grc' dir='ltr'><strong>ἐκλιπεῖν</strong></span> <span class='ocrx_word' id='word_1_77' title='bbox 422 1255 472 1324; x_wconf 89' lang='grc' dir='ltr'><strong>τόν</strong></span> <span class='ocrx_word' id='word_1_78' title='bbox 490 1256 632 1338; x_wconf 83' lang='grc' dir='ltr'><strong><em>Ἰσθμόν,</em></strong></span> <span class='ocrx_word' id='word_1_79' title='bbox 656 1255 710 1322; x_wconf 85' lang='grc' dir='ltr'><strong><em>καί</em></strong></span> <span class='ocrx_word' id='word_1_80' title='bbox 732 1259 908 1323; x_wconf 83' lang='grc' dir='ltr'><strong><em>διενοοῦντο</em></strong></span> <span class='ocrx_word' id='word_1_81' title='bbox 929 1255 1067 1333; x_wconf 81' lang='grc' dir='ltr'><strong><em>ἐπιόντες</em></strong></span> 
     </span>
     <span class='ocr_line' id='line_1_11' title="bbox 28 1347 1068 1443; baseline 0.002 -23"><span class='ocrx_word' id='word_1_82' title='bbox 28 1362 87 1420; x_wconf 79' lang='grc' dir='ltr'><strong>τοῦ</strong></span> <span class='ocrx_word' id='word_1_83' title='bbox 118 1355 262 1440; x_wconf 80' lang='grc' dir='ltr'><strong><em>ἡγεμόνος</em></strong></span> <span class='ocrx_word' id='word_1_84' title='bbox 292 1351 488 1438; x_wconf 79' lang='grc' dir='ltr'><strong><em>α’μόναοόαι.</em></strong></span> <span class='ocrx_word' id='word_1_85' title='bbox 541 1349 628 1422; x_wconf 76' lang='grc' dir='ltr'><strong><em>οὗτοι</em></strong></span> <span class='ocrx_word' id='word_1_86' title='bbox 656 1360 716 1438; x_wconf 86' lang='grc' dir='ltr'><strong>μὲν</strong></span> <span class='ocrx_word' id='word_1_87' title='bbox 743 1347 798 1420; x_wconf 84' lang='grc' dir='ltr'><strong>σόν</strong></span> <span class='ocrx_word' id='word_1_88' title='bbox 826 1357 1014 1443; x_wconf 86' lang='grc' dir='ltr'><strong><em>α’φικόμινοι</em></strong></span> <span class='ocrx_word' id='word_1_89' title='bbox 1034 1359 1068 1434; x_wconf 82' lang='grc' dir='ltr'><strong>ἐς</strong></span> 
     </span>
     <span class='ocr_line' id='line_1_12' title="bbox 10 1454 1066 1542; baseline 0 -24"><span class='ocrx_word' id='word_1_90' title='bbox 10 1482 30 1518; x_wconf 84' lang='grc' dir='ltr'><strong><em>ο</em></strong></span> <span class='ocrx_word' id='word_1_91' title='bbox 53 1454 199 1540; x_wconf 76' lang='grc' dir='ltr'><strong><em>Σπάρτην</em></strong></span> <span class='ocrx_word' id='word_1_92' title='bbox 219 1454 331 1538; x_wconf 79' lang='grc' dir='ltr'><strong><em>λόγους</em></strong></span> <span class='ocrx_word' id='word_1_93' title='bbox 351 1479 385 1522; x_wconf 87' lang='grc' dir='ltr'><strong>τε</strong></span> <span class='ocrx_word' id='word_1_94' title='bbox 405 1463 471 1531; x_wconf 85' lang='grc' dir='ltr'><strong><em>τοῖς</em></strong></span> <span class='ocrx_word' id='word_1_95' title='bbox 484 1454 698 1539; x_wconf 77' lang='grc' dir='ltr'><strong><em>Σπαρτιάταις</em></strong></span> <span class='ocrx_word' id='word_1_96' title='bbox 714 1459 921 1542; x_wconf 78' lang='grc' dir='ltr'><strong><em>προσέφερον,</em></strong></span> <span class='ocrx_word' id='word_1_97' title='bbox 943 1459 1001 1520; x_wconf 85' lang='grc' dir='ltr'><strong><em>καῖ</em></strong></span> <span class='ocrx_word' id='word_1_98' title='bbox 1018 1479 1066 1520; x_wconf 89' lang='grc' dir='ltr'><strong><em>τι-</em></strong></span> 
     </span>
     <span class='ocr_line' id='line_1_13' title="bbox 10 1546 1068 1643; baseline 0.002 -25"><span class='ocrx_word' id='word_1_99' title='bbox 10 1581 31 1630; x_wconf 84' lang='grc' dir='ltr'><strong><em>ις</em></strong></span> <span class='ocrx_word' id='word_1_100' title='bbox 53 1553 87 1619; x_wconf 86' lang='grc' dir='ltr'><strong>ἐν</strong></span> <span class='ocrx_word' id='word_1_101' title='bbox 110 1561 256 1638; x_wconf 78' lang='grc' dir='ltr'><strong><em>ἐρυμνοῖς</em></strong></span> <span class='ocrx_word' id='word_1_102' title='bbox 275 1558 379 1620; x_wconf 81' lang='grc' dir='ltr'><strong><em>αότοό</em></strong></span> <span class='ocrx_word' id='word_1_103' title='bbox 393 1554 491 1640; x_wconf 75' lang='grc' dir='ltr'><strong><em>ταότή</em></strong></span> <span class='ocrx_word' id='word_1_104' title='bbox 512 1546 607 1631; x_wconf 79' lang='grc' dir='ltr'><strong><em>ὄντας</em></strong></span> <span class='ocrx_word' id='word_1_105' title='bbox 628 1557 792 1630; x_wconf 74' lang='grc' dir='ltr'><strong><em>πείσαντες</em></strong></span> <span class='ocrx_word' id='word_1_106' title='bbox 812 1555 986 1643; x_wconf 73' lang='grc' dir='ltr'><strong><em>κατῴκισαν</em></strong></span> <span class='ocrx_word' id='word_1_107' title='bbox 1006 1549 1068 1620; x_wconf 82' lang='grc' dir='ltr'><strong><em>αό-</em></strong></span> 
     </span>
    </p>

    <p class='ocr_par' dir='ltr' id='par_1_4' title="bbox 10 1651 1115 1840">
     <span class='ocr_line' id='line_1_14' title="bbox 10 1651 1115 1742; baseline -0.003 -22"><span class='ocrx_word' id='word_1_108' title='bbox 10 1681 28 1730; x_wconf 44' lang='grc' dir='ltr'><strong>Ὶς</strong></span> <span class='ocrx_word' id='word_1_109' title='bbox 61 1657 95 1732; x_wconf 84' lang='grc' dir='ltr'><strong>ἐς</strong></span> <span class='ocrx_word' id='word_1_110' title='bbox 121 1652 177 1738; x_wconf 90' lang='grc' dir='ltr'><strong>τήν</strong></span> <span class='ocrx_word' id='word_1_111' title='bbox 204 1652 306 1720; x_wconf 88' lang='grc' dir='ltr'><strong><em>πόλιν.</em></strong></span> <span class='ocrx_word' id='word_1_112' title='bbox 355 1655 411 1718; x_wconf 80' lang='grc' dir='ltr'><strong><em>καῖ</em></strong></span> <span class='ocrx_word' id='word_1_113' title='bbox 435 1663 500 1731; x_wconf 81' lang='grc' dir='ltr'><strong><em>τοῖς</em></strong></span> <span class='ocrx_word' id='word_1_114' title='bbox 531 1656 565 1722; x_wconf 90' lang='grc' dir='ltr'><strong>ἐν</strong></span> <span class='ocrx_word' id='word_1_115' title='bbox 590 1654 736 1742; x_wconf 84' lang='grc' dir='ltr'><strong><em>Ταινάρῳ</em></strong></span> <span class='ocrx_word' id='word_1_116' title='bbox 762 1654 818 1718; x_wconf 71' lang='grc' dir='ltr'><strong><em>κατ’</em></strong></span> <span class='ocrx_word' id='word_1_117' title='bbox 835 1658 874 1742; x_wconf 77' lang='grc' dir='ltr'><strong>τῇ</strong></span> <span class='ocrx_word' id='word_1_118' title='bbox 894 1656 1067 1741; x_wconf 79' lang='grc' dir='ltr'><strong><em>Λακωνικῇ</em></strong></span> <span class='ocrx_word' id='word_1_119' title='bbox 1107 1651 1115 1668; x_wconf 84' lang='grc'><strong>’</strong></span> 
     </span>
     <span class='ocr_line' id='line_1_15' title="bbox 10 1749 1066 1840; baseline 0.002 -24"><span class='ocrx_word' id='word_1_120' title='bbox 10 1759 108 1836; x_wconf 72' lang='grc' dir='ltr'><strong><em>ἔμπυον</em></strong></span> <span class='ocrx_word' id='word_1_121' title='bbox 128 1751 297 1840; x_wconf 59' lang='lat' dir='ltr'><strong>iterium</strong></span> <span class='ocrx_word' id='word_1_122' title='bbox 315 1753 495 1838; x_wconf 83' lang='grc' dir='ltr'><strong><em>παρεκάλει,</em></strong></span> <span class='ocrx_word' id='word_1_123' title='bbox 518 1758 615 1839; x_wconf 71' lang='grc' dir='ltr'><strong><em>λόγων</em></strong></span> <span class='ocrx_word' id='word_1_124' title='bbox 628 1753 713 1820; x_wconf 84' lang='grc' dir='ltr'><strong><em>τάδε.</em></strong></span> <span class='ocrx_word' id='word_1_125' title='bbox 753 1749 887 1840; x_wconf 41' lang='grc' dir='ltr'><strong><em>ἐλάνόρες</em></strong></span> <span class='ocrx_word' id='word_1_126' title='bbox 902 1757 1066 1839; x_wconf 83' lang='grc' dir='ltr'><strong><em>Σπαρτιά-</em></strong></span> 
     </span>
    </p>

    <p class='ocr_par' dir='ltr' id='par_1_5' title="bbox 10 1849 1093 2241">
     <span class='ocr_line' id='line_1_16' title="bbox 10 1849 1064 1940; baseline -0.002 -22"><span class='ocrx_word' id='word_1_127' title='bbox 10 1879 39 1940; x_wconf 85' lang='grc' dir='ltr'><strong>ιι,</strong></span> <span class='ocrx_word' id='word_1_128' title='bbox 62 1851 156 1938; x_wconf 86' lang='grc' dir='ltr'><strong><em>όράττ</em></strong></span> <span class='ocrx_word' id='word_1_129' title='bbox 185 1855 286 1938; x_wconf 88' lang='grc' dir='ltr'><strong><em>όήπου</em></strong></span> <span class='ocrx_word' id='word_1_130' title='bbox 315 1849 367 1921; x_wconf 75' lang='grc' dir='ltr'><strong><em>οἷα</em></strong></span> <span class='ocrx_word' id='word_1_131' title='bbox 393 1853 431 1920; x_wconf 87' lang='grc' dir='ltr'><strong>τά</strong></span> <span class='ocrx_word' id='word_1_132' title='bbox 458 1852 617 1920; x_wconf 83' lang='grc' dir='ltr'><strong><em>Οόενετοέν</em></strong></span> <span class='ocrx_word' id='word_1_133' title='bbox 645 1853 816 1940; x_wconf 80' lang='grc' dir='ltr'><strong><em>πράγματα</em></strong></span> <span class='ocrx_word' id='word_1_134' title='bbox 835 1853 1064 1937; x_wconf 80' lang='grc' dir='ltr'><strong><em>κατενήνεκται,</em></strong></span> 
     </span>
     <span class='ocr_line' id='line_1_17' title="bbox 29 1949 1065 2040; baseline -0.001 -21"><span class='ocrx_word' id='word_1_135' title='bbox 29 1949 106 2020; x_wconf 73' lang='lat' dir='ltr'><strong>deon</strong></span> <span class='ocrx_word' id='word_1_136' title='bbox 128 1955 263 2036; x_wconf 83' lang='grc' dir='ltr'><strong><em>πόλεμον</em></strong></span> <span class='ocrx_word' id='word_1_137' title='bbox 295 1959 425 2036; x_wconf 78' lang='grc' dir='ltr'><strong><em>βασιλεῖ</em></strong></span> <span class='ocrx_word' id='word_1_138' title='bbox 439 1953 663 2038; x_wconf 85' lang='grc' dir='ltr'><strong><em>άναιροόμενοι</em></strong></span> <span class='ocrx_word' id='word_1_139' title='bbox 689 1957 837 2040; x_wconf 75' lang='grc' dir='ltr'><strong><em>ἐνταῦθα,</em></strong></span> <span class='ocrx_word' id='word_1_140' title='bbox 856 1957 908 2020; x_wconf 73' lang='grc' dir='ltr'><strong><em>ἵνα</em></strong></span> <span class='ocrx_word' id='word_1_141' title='bbox 930 1955 985 2038; x_wconf 79' lang='grc' dir='ltr'><strong>τῆς</strong></span> <span class='ocrx_word' id='word_1_142' title='bbox 1006 1955 1065 2018; x_wconf 83' lang='lat' dir='ltr'><strong>do-</strong></span> 
     </span>
     <span class='ocr_line' id='line_1_18' title="bbox 10 2048 1093 2138; baseline 0.006 -24"><span class='ocrx_word' id='word_1_143' title='bbox 10 2053 99 2134; x_wconf 67' lang='grc' dir='ltr'><strong><em>Ξμεως</em></strong></span> <span class='ocrx_word' id='word_1_144' title='bbox 114 2052 221 2118; x_wconf 72' lang='lat' dir='ltr'><strong>oderis</strong></span> <span class='ocrx_word' id='word_1_145' title='bbox 242 2058 324 2137; x_wconf 81' lang='grc' dir='ltr'><strong><em>μέγα</em></strong></span> <span class='ocrx_word' id='word_1_146' title='bbox 345 2059 442 2138; x_wconf 83' lang='grc' dir='ltr'><strong><em>μόρος</em></strong></span> <span class='ocrx_word' id='word_1_147' title='bbox 461 2055 662 2134; x_wconf 65' lang='grc' dir='ltr'><strong><em>ἐπιδείξαντ’</em></strong></span> <span class='ocrx_word' id='word_1_148' title='bbox 683 2051 721 2120; x_wconf 79' lang='grc' dir='ltr'><strong>ἐν</strong></span> <span class='ocrx_word' id='word_1_149' title='bbox 744 2048 882 2137; x_wconf 88' lang='grc' dir='ltr'><strong><em>μάλιστα</em></strong></span> <span class='ocrx_word' id='word_1_150' title='bbox 902 2057 936 2120; x_wconf 88' lang='grc' dir='ltr'><strong>ἐν</strong></span> <span class='ocrx_word' id='word_1_151' title='bbox 958 2060 1093 2120; x_wconf 78' lang='lat' dir='ltr'><strong>Heio-it</strong></span> 
     </span>
     <span class='ocr_line' id='line_1_19' title="bbox 10 2145 1064 2241; baseline 0.002 -25"><span class='ocrx_word' id='word_1_152' title='bbox 10 2155 126 2241; x_wconf 79' lang='grc' dir='ltr'><strong><em>ιννήσρι,</em></strong></span> <span class='ocrx_word' id='word_1_153' title='bbox 146 2151 189 2229; x_wconf 84' lang='grc' dir='ltr'><strong>τός</strong></span> <span class='ocrx_word' id='word_1_154' title='bbox 210 2152 406 2237; x_wconf 78' lang='grc' dir='ltr'><strong><em>ἐτελεύτησεν</em></strong></span> <span class='ocrx_word' id='word_1_155' title='bbox 430 2152 518 2240; x_wconf 72' lang='grc' dir='ltr'><strong><em>αὐτῷ</em></strong></span> <span class='ocrx_word' id='word_1_156' title='bbox 537 2149 577 2216; x_wconf 85' lang='grc' dir='ltr'><strong>τά</strong></span> <span class='ocrx_word' id='word_1_157' title='bbox 611 2153 687 2238; x_wconf 77' lang='grc' dir='ltr'><strong><em>περὶ</em></strong></span> <span class='ocrx_word' id='word_1_158' title='bbox 704 2152 760 2219; x_wconf 91' lang='grc' dir='ltr'><strong>τόν</strong></span> <span class='ocrx_word' id='word_1_159' title='bbox 775 2149 911 2234; x_wconf 79' lang='grc' dir='ltr'><strong><em>Ἰσθμόν</em></strong></span> <span class='ocrx_word' id='word_1_160' title='bbox 929 2151 986 2216; x_wconf 83' lang='grc' dir='ltr'><strong><em>καῖ</em></strong></span> <span class='ocrx_word' id='word_1_161' title='bbox 1007 2145 1064 2218; x_wconf 78' lang='grc' dir='ltr'><strong>άλ-</strong></span> 
     </span>
    </p>

    <p class='ocr_par' dir='ltr' id='par_1_6' title="bbox 13 2248 1064 2338">
     <span class='ocr_line' id='line_1_20' title="bbox 13 2248 1064 2338; baseline -0.006 -18"><span class='ocrx_word' id='word_1_162' title='bbox 13 2282 29 2320; x_wconf 93' lang='grc' dir='ltr'><strong><em>ν</em></strong></span> <span class='ocrx_word' id='word_1_163' title='bbox 53 2255 164 2338; x_wconf 77' lang='grc' dir='ltr'><strong><em>χώραν</em></strong></span> <span class='ocrx_word' id='word_1_164' title='bbox 184 2258 240 2337; x_wconf 76' lang='grc' dir='ltr'><strong>τῆς</strong></span> <span class='ocrx_word' id='word_1_165' title='bbox 260 2251 518 2338; x_wconf 72' lang='grc' dir='ltr'><strong><em>Πελοποννήσου,</em></strong></span> <span class='ocrx_word' id='word_1_166' title='bbox 537 2250 617 2320; x_wconf 77' lang='grc' dir='ltr'><strong><em>ἔνθα</em></strong></span> <span class='ocrx_word' id='word_1_167' title='bbox 638 2258 697 2320; x_wconf 83' lang='grc' dir='ltr'><strong>τοῦ</strong></span> <span class='ocrx_word' id='word_1_168' title='bbox 713 2255 867 2336; x_wconf 76' lang='grc' dir='ltr'><strong><em>βασιλέως</em></strong></span> <span class='ocrx_word' id='word_1_169' title='bbox 888 2248 907 2335; x_wconf 87' lang='grc' dir='ltr'><strong><em>ή</em></strong></span> <span class='ocrx_word' id='word_1_170' title='bbox 930 2253 1064 2332; x_wconf 84' lang='grc' dir='ltr'><strong><em>όόναμις</em></strong></span> 
     </span>
    </p>
   </div>
   <div class='ocr_carea' id='block_1_3' title="bbox 10 2351 1065 2640">
    <p class='ocr_par' dir='ltr' id='par_1_7' title="bbox 10 2351 1065 2640">
     <span class='ocr_line' id='line_1_21' title="bbox 10 2351 1064 2442; baseline -0.004 -22"><span class='ocrx_word' id='word_1_171' title='bbox 10 2357 114 2420; x_wconf 79' lang='grc' dir='ltr'><strong><em>ποῖόν</em></strong></span> <span class='ocrx_word' id='word_1_172' title='bbox 144 2377 178 2419; x_wconf 86' lang='grc' dir='ltr'><strong>τε</strong></span> <span class='ocrx_word' id='word_1_173' title='bbox 203 2352 391 2442; x_wconf 72' lang='grc' dir='ltr'><strong><em>ἀπῴκισται,</em></strong></span> <span class='ocrx_word' id='word_1_174' title='bbox 424 2355 479 2418; x_wconf 85' lang='grc' dir='ltr'><strong><em>καῖ</em></strong></span> <span class='ocrx_word' id='word_1_175' title='bbox 511 2351 616 2418; x_wconf 77' lang='grc' dir='ltr'><strong><em>αότιάν</em></strong></span> <span class='ocrx_word' id='word_1_176' title='bbox 643 2377 678 2436; x_wconf 79' lang='grc' dir='ltr'><strong>γε</strong></span> <span class='ocrx_word' id='word_1_177' title='bbox 711 2355 747 2418; x_wconf 76' lang='lat' dir='ltr'><strong>dl</strong></span> <span class='ocrx_word' id='word_1_178' title='bbox 779 2357 841 2420; x_wconf 84' lang='grc' dir='ltr'><strong><em>τοῖν</em></strong></span> <span class='ocrx_word' id='word_1_179' title='bbox 865 2351 1064 2435; x_wconf 77' lang='grc' dir='ltr'><strong><em>Ουἐυετοένή</em></strong></span> 
     </span>
     <span class='ocr_line' id='line_1_22' title="bbox 10 2446 1065 2537; baseline -0.007 -15"><span class='ocrx_word' id='word_1_180' title='bbox 10 2455 110 2536; x_wconf 66' lang='grc' dir='ltr'><strong><em>’ναμις</em></strong></span> <span class='ocrx_word' id='word_1_181' title='bbox 131 2451 162 2528; x_wconf 81' lang='grc' dir='ltr'><strong>ἐς</strong></span> <span class='ocrx_word' id='word_1_182' title='bbox 184 2453 221 2520; x_wconf 84' lang='grc' dir='ltr'><strong>τά</strong></span> <span class='ocrx_word' id='word_1_183' title='bbox 242 2453 381 2535; x_wconf 86' lang='grc' dir='ltr'><strong><em>μάλιστα</em></strong></span> <span class='ocrx_word' id='word_1_184' title='bbox 405 2446 583 2537; x_wconf 72' lang='grc' dir='ltr'><strong><em>ἤθροισται.</em></strong></span> <span class='ocrx_word' id='word_1_185' title='bbox 623 2454 654 2516; x_wconf 84' lang='lat' dir='ltr'><strong>ei</strong></span> <span class='ocrx_word' id='word_1_186' title='bbox 670 2453 732 2536; x_wconf 77' lang='grc' dir='ltr'><strong>γάρ</strong></span> <span class='ocrx_word' id='word_1_187' title='bbox 754 2451 809 2517; x_wconf 88' lang='grc' dir='ltr'><strong>τόν</strong></span> <span class='ocrx_word' id='word_1_188' title='bbox 830 2457 986 2534; x_wconf 81' lang='grc' dir='ltr'><strong><em>βασιλέως</em></strong></span> <span class='ocrx_word' id='word_1_189' title='bbox 1008 2455 1065 2516; x_wconf 76' lang='lat' dir='ltr'><strong>er-</strong></span> 
     </span>
     <span class='ocr_line' id='line_1_23' title="bbox 11 2542 1064 2640; baseline -0.004 -20"><span class='ocrx_word' id='word_1_190' title='bbox 11 2579 111 2620; x_wconf 87' lang='grc' dir='ltr'><strong><em>ποντα</em></strong></span> <span class='ocrx_word' id='word_1_191' title='bbox 132 2551 258 2618; x_wconf 84' lang='grc' dir='ltr'><strong><em>ἐπιόντα</em></strong></span> <span class='ocrx_word' id='word_1_192' title='bbox 278 2556 390 2640; x_wconf 79' lang='grc' dir='ltr'><strong><em>σφίσιν</em></strong></span> <span class='ocrx_word' id='word_1_193' title='bbox 413 2554 475 2635; x_wconf 72' lang='grc' dir='ltr'><strong><em>ου’ν,</em></strong></span> <span class='ocrx_word' id='word_1_194' title='bbox 496 2546 603 2618; x_wconf 81' lang='grc' dir='ltr'><strong><em>οόοότε</em></strong></span> <span class='ocrx_word' id='word_1_195' title='bbox 622 2555 762 2636; x_wconf 77' lang='grc' dir='ltr'><strong><em>ἐγένοντο</em></strong></span> <span class='ocrx_word' id='word_1_196' title='bbox 784 2555 948 2634; x_wconf 75' lang='grc' dir='ltr'><strong><em>δέξασθαι,</em></strong></span> <span class='ocrx_word' id='word_1_197' title='bbox 971 2553 1003 2617; x_wconf 83' lang='grc' dir='ltr'><strong>τό</strong></span> <span class='ocrx_word' id='word_1_198' title='bbox 1025 2542 1064 2616; x_wconf 81' lang='grc' dir='ltr'><strong>ἐν</strong></span> 
     </span>
    </p>
   </div>
   <div class='ocr_carea' id='block_1_4' title="bbox 45 2721 303 2794">
    <p class='ocr_par' dir='ltr' id='par_1_8' title="bbox 45 2721 303 2794">
     <span class='ocr_line' id='line_1_24' title="bbox 45 2721 303 2794; baseline 0.004 -21"><span class='ocrx_word' id='word_1_199' title='bbox 45 2724 88 2774; x_wconf 78' lang='lat'><strong>12.</strong></span> <span class='ocrx_word' id='word_1_200' title='bbox 107 2721 303 2794; x_wconf 75' lang='grc' dir='ltr'><strong><em>κακρῖκησανΡ</em></strong></span> 
     </span>
    </p>
   </div>
   <div class='ocr_carea' id='block_1_5' title="bbox 10 2883 1154 4232">
    <p class='ocr_par' dir='ltr' id='par_1_9' title="bbox 10 2883 1154 3010">
     <span class='ocr_line' id='line_1_25' title="bbox 10 2883 1154 2954; baseline -0.002 -16"><span class='ocrx_word' id='word_1_201' title='bbox 10 2907 30 2939; x_wconf 85' lang='lat' dir='ltr'><strong>re</strong></span> <span class='ocrx_word' id='word_1_202' title='bbox 50 2901 130 2939; x_wconf 88' lang='lat' dir='ltr'><strong>nmen</strong></span> <span class='ocrx_word' id='word_1_203' title='bbox 148 2885 279 2936; x_wconf 79' lang='lat' dir='ltr'><strong>maximae</strong></span> <span class='ocrx_word' id='word_1_204' title='bbox 299 2883 445 2948; x_wconf 66' lang='lat' dir='ltr'><strong>felicitatis,</strong></span> <span class='ocrx_word' id='word_1_205' title='bbox 463 2901 533 2954; x_wconf 85' lang='lat' dir='ltr'><strong>qnae</strong></span> <span class='ocrx_word' id='word_1_206' title='bbox 551 2883 752 2954; x_wconf 88' lang='lat' dir='ltr'><strong>apprehensura</strong></span> <span class='ocrx_word' id='word_1_207' title='bbox 770 2885 805 2938; x_wconf 89' lang='lat' dir='ltr'><strong>sit</strong></span> <span class='ocrx_word' id='word_1_208' title='bbox 822 2899 880 2937; x_wconf 87' lang='lat' dir='ltr'><strong>eam</strong></span> <span class='ocrx_word' id='word_1_209' title='bbox 898 2893 1005 2953; x_wconf 79' lang='lat' dir='ltr'><strong>gentem</strong></span> <span class='ocrx_word' id='word_1_210' title='bbox 1025 2901 1060 2937; x_wconf 81' lang='lat' dir='ltr'><strong>ex</strong></span> <span class='ocrx_word' id='word_1_211' title='bbox 1150 2883 1154 2892; x_wconf 47' lang='lat'><em>¹</em></span> 
     </span>
     <span class='ocr_line' id='line_1_26' title="bbox 12 2955 411 3010; baseline -0.018 0"><span class='ocrx_word' id='word_1_212' title='bbox 12 2979 27 3010; x_wconf 87' lang='lat' dir='ltr'><strong>a</strong></span> <span class='ocrx_word' id='word_1_213' title='bbox 47 2955 116 3008; x_wconf 93' lang='lat' dir='ltr'><strong>illud</strong></span> <span class='ocrx_word' id='word_1_214' title='bbox 134 2955 244 3006; x_wconf 84' lang='lat' dir='ltr'><strong>cadaver</strong></span> <span class='ocrx_word' id='word_1_215' title='bbox 264 2955 411 3006; x_wconf 84' lang='lat' dir='ltr'><strong>descendit.</strong></span> 
     </span>
    </p>

    <p class='ocr_par' dir='ltr' id='par_1_10' title="bbox 10 3023 1059 4232">
     <span class='ocr_line' id='line_1_27' title="bbox 43 3023 1058 3097; baseline -0.004 -17"><span class='ocrx_word' id='word_1_216' title='bbox 43 3031 101 3080; x_wconf 90' lang='lat' dir='ltr'><strong>Hoc</strong></span> <span class='ocrx_word' id='word_1_217' title='bbox 121 3025 229 3097; x_wconf 87' lang='lat' dir='ltr'><strong>quidem</strong></span> <span class='ocrx_word' id='word_1_218' title='bbox 252 3023 372 3092; x_wconf 73' lang='lat' dir='ltr'><strong>Byzantii</strong></span> <span class='ocrx_word' id='word_1_219' title='bbox 390 3025 533 3093; x_wconf 71' lang='lat' dir='ltr'><strong>contigisse</strong></span> <span class='ocrx_word' id='word_1_220' title='bbox 558 3025 717 3078; x_wconf 80' lang='lat' dir='ltr'><strong>andivimus.</strong></span> <span class='ocrx_word' id='word_1_221' title='bbox 762 3025 902 3076; x_wconf 76' lang='lat' dir='ltr'><strong>ianuarum</strong></span> <span class='ocrx_word' id='word_1_222' title='bbox 929 3024 984 3077; x_wconf 80' lang='lat' dir='ltr'><strong>dux</strong></span> <span class='ocrx_word' id='word_1_223' title='bbox 1010 3025 1058 3077; x_wconf 88' lang='lat' dir='ltr'><strong>nbi</strong></span> 
     </span>
     <span class='ocr_line' id='line_1_28' title="bbox 11 3095 1059 3167; baseline -0.007 -15"><span class='ocrx_word' id='word_1_224' title='bbox 11 3099 165 3152; x_wconf 87' lang='lat' dir='ltr'><strong>imadvertit</strong></span> <span class='ocrx_word' id='word_1_225' title='bbox 181 3113 273 3167; x_wconf 88' lang='lat' dir='ltr'><strong>parum</strong></span> <span class='ocrx_word' id='word_1_226' title='bbox 293 3104 475 3164; x_wconf 86' lang='lat' dir='ltr'><strong>opportunum</strong></span> <span class='ocrx_word' id='word_1_227' title='bbox 504 3113 559 3148; x_wconf 85' lang='lat' dir='ltr'><strong>esse</strong></span> <span class='ocrx_word' id='word_1_228' title='bbox 582 3095 660 3150; x_wconf 90' lang='lat' dir='ltr'><strong>urbes</strong></span> <span class='ocrx_word' id='word_1_229' title='bbox 679 3112 843 3165; x_wconf 80' lang='lat' dir='ltr'><strong>oppugnare,</strong></span> <span class='ocrx_word' id='word_1_230' title='bbox 861 3097 973 3166; x_wconf 75' lang='lat' dir='ltr'><strong>Spartae</strong></span> <span class='ocrx_word' id='word_1_231' title='bbox 993 3096 1059 3148; x_wconf 89' lang='lat' dir='ltr'><strong>reli·</strong></span> 
     </span>
     <span class='ocr_line' id='line_1_29' title="bbox 13 3165 1058 3236; baseline -0.006 -14"><span class='ocrx_word' id='word_1_232' title='bbox 13 3175 35 3224; x_wconf 89' lang='lat' dir='ltr'><strong>it</strong></span> <span class='ocrx_word' id='word_1_233' title='bbox 54 3171 178 3222; x_wconf 87' lang='lat' dir='ltr'><strong>Omnrem</strong></span> <span class='ocrx_word' id='word_1_234' title='bbox 198 3177 225 3220; x_wconf 86' lang='lat' dir='ltr'><strong>et</strong></span> <span class='ocrx_word' id='word_1_235' title='bbox 243 3170 365 3230; x_wconf 78' lang='lat' dir='ltr'><strong>Aeonem,</strong></span> <span class='ocrx_word' id='word_1_236' title='bbox 385 3175 414 3218; x_wconf 90' lang='lat' dir='ltr'><strong>nt</strong></span> <span class='ocrx_word' id='word_1_237' title='bbox 432 3167 597 3236; x_wconf 85' lang='lat' dir='ltr'><strong>colloquium</strong></span> <span class='ocrx_word' id='word_1_238' title='bbox 624 3166 759 3218; x_wconf 79' lang='lat' dir='ltr'><strong>iuberent</strong></span> <span class='ocrx_word' id='word_1_239' title='bbox 776 3184 836 3218; x_wconf 90' lang='lat' dir='ltr'><strong>cum</strong></span> <span class='ocrx_word' id='word_1_240' title='bbox 861 3165 878 3218; x_wconf 89' lang='lat' dir='ltr'>S</span> <span class='ocrx_word' id='word_1_241' title='bbox 899 3167 1008 3218; x_wconf 80' lang='lat' dir='ltr'><strong>arianis.</strong></span> <span class='ocrx_word' id='word_1_242' title='bbox 1029 3165 1058 3216; x_wconf 91' lang='lat' dir='ltr'><strong>hi</strong></span> 
     </span>
     <span class='ocr_line' id='line_1_30' title="bbox 10 3185 1059 3304; baseline -0.007 -10"><span class='ocrx_word' id='word_1_243' title='bbox 10 3245 65 3304; x_wconf 89' lang='lat' dir='ltr'><strong>im,</strong></span> <span class='ocrx_word' id='word_1_244' title='bbox 84 3241 130 3292; x_wconf 90' lang='lat' dir='ltr'><strong>ubi</strong></span> <span class='ocrx_word' id='word_1_245' title='bbox 152 3239 342 3291; x_wconf 71' lang='lat' dir='ltr'><strong>intellexerant</strong></span> <span class='ocrx_word' id='word_1_246' title='bbox 363 3237 480 3288; x_wconf 85' lang='lat' dir='ltr'><strong>Venetos</strong></span> <span class='ocrx_word' id='word_1_247' title='bbox 504 3237 605 3290; x_wconf 84' lang='lat' dir='ltr'><strong>isthmo</strong></span> <span class='ocrx_word' id='word_1_248' title='bbox 631 3237 788 3300; x_wconf 68' lang='lat' dir='ltr'><strong>decessisse,</strong></span> <span class='ocrx_word' id='word_1_249' title='bbox 815 3238 849 3289; x_wconf 82' lang='lat' dir='ltr'><strong>ab</strong></span> <span class='ocrx_word' id='word_1_250' title='bbox 878 3185 1003 3290; x_wconf 67' lang='lat' dir='ltr'><strong>inerrare</strong></span> <span class='ocrx_word' id='word_1_251' title='bbox 1031 3244 1059 3288; x_wconf 84' lang='lat' dir='ltr'><strong>et</strong></span> 
     </span>
     <span class='ocr_line' id='line_1_31' title="bbox 10 3305 1057 3364; baseline -0.001 -5"><span class='ocrx_word' id='word_1_252' title='bbox 10 3314 110 3364; x_wconf 72' lang='lat' dir='ltr'><strong>‚idauro</strong></span> <span class='ocrx_word' id='word_1_253' title='bbox 129 3319 157 3363; x_wconf 89' lang='lat' dir='ltr'><strong>et</strong></span> <span class='ocrx_word' id='word_1_254' title='bbox 174 3310 208 3360; x_wconf 91' lang='lat' dir='ltr'><strong>ab</strong></span> <span class='ocrx_word' id='word_1_255' title='bbox 232 3311 295 3360; x_wconf 85' lang='lat' dir='ltr'><strong>aliis</strong></span> <span class='ocrx_word' id='word_1_256' title='bbox 313 3309 379 3360; x_wconf 85' lang='lat' dir='ltr'><strong>locis</strong></span> <span class='ocrx_word' id='word_1_257' title='bbox 400 3307 435 3360; x_wconf 88' lang='lat' dir='ltr'><strong>sd</strong></span> <span class='ocrx_word' id='word_1_258' title='bbox 459 3324 507 3358; x_wconf 90' lang='lat' dir='ltr'><strong>sna</strong></span> <span class='ocrx_word' id='word_1_259' title='bbox 526 3309 623 3360; x_wconf 85' lang='lat' dir='ltr'><strong>reversi</strong></span> <span class='ocrx_word' id='word_1_260' title='bbox 650 3307 816 3362; x_wconf 75' lang='lat' dir='ltr'><strong>conabantur</strong></span> <span class='ocrx_word' id='word_1_261' title='bbox 835 3325 882 3360; x_wconf 86' lang='lat' dir='ltr'><strong>sua</strong></span> <span class='ocrx_word' id='word_1_262' title='bbox 899 3305 1057 3360; x_wconf 77' lang='lat' dir='ltr'><strong>defendere.</strong></span> 
     </span>
     <span class='ocr_line' id='line_1_32' title="bbox 20 3377 1058 3452; baseline -0.006 -16"><span class='ocrx_word' id='word_1_263' title='bbox 20 3386 63 3436; x_wconf 92' lang='lat' dir='ltr'><strong>illi</strong></span> <span class='ocrx_word' id='word_1_264' title='bbox 82 3385 203 3452; x_wconf 79' lang='lat' dir='ltr'><strong>Spartam</strong></span> <span class='ocrx_word' id='word_1_265' title='bbox 221 3382 359 3432; x_wconf 84' lang='lat' dir='ltr'><strong>venientes</strong></span> <span class='ocrx_word' id='word_1_266' title='bbox 378 3394 526 3430; x_wconf 83' lang='lat' dir='ltr'><strong>sermonem</strong></span> <span class='ocrx_word' id='word_1_267' title='bbox 544 3397 604 3432; x_wconf 90' lang='lat' dir='ltr'><strong>cum</strong></span> <span class='ocrx_word' id='word_1_268' title='bbox 623 3379 761 3448; x_wconf 80' lang='lat' dir='ltr'><strong>Spartanis</strong></span> <span class='ocrx_word' id='word_1_269' title='bbox 780 3378 906 3430; x_wconf 76' lang='lat' dir='ltr'><strong>habuere.</strong></span> <span class='ocrx_word' id='word_1_270' title='bbox 943 3377 1058 3449; x_wconf 86' lang='lat' dir='ltr'><strong>quibus-</strong></span> 
     </span>
     <span class='ocr_line' id='line_1_33' title="bbox 10 3443 1058 3522; baseline -0.008 -14"><span class='ocrx_word' id='word_1_271' title='bbox 10 3475 34 3508; x_wconf 89' lang='lat' dir='ltr'><strong>m</strong></span> <span class='ocrx_word' id='word_1_272' title='bbox 54 3457 145 3514; x_wconf 86' lang='lat' dir='ltr'><strong>etium,</strong></span> <span class='ocrx_word' id='word_1_273' title='bbox 163 3453 210 3522; x_wconf 88' lang='lat' dir='ltr'><strong>qni</strong></span> <span class='ocrx_word' id='word_1_274' title='bbox 229 3453 256 3504; x_wconf 90' lang='lat' dir='ltr'><strong>in</strong></span> <span class='ocrx_word' id='word_1_275' title='bbox 275 3451 341 3502; x_wconf 89' lang='lat' dir='ltr'><strong>locis</strong></span> <span class='ocrx_word' id='word_1_276' title='bbox 358 3451 543 3502; x_wconf 80' lang='lat' dir='ltr'><strong>munitissimis</strong></span> <span class='ocrx_word' id='word_1_277' title='bbox 562 3467 590 3500; x_wconf 90' lang='lat' dir='ltr'><strong>se</strong></span> <span class='ocrx_word' id='word_1_278' title='bbox 608 3449 747 3512; x_wconf 84' lang='lat' dir='ltr'><strong>tenebant,</strong></span> <span class='ocrx_word' id='word_1_279' title='bbox 768 3443 969 3520; x_wconf 64' lang='lat' dir='ltr'><strong>persuaserunt</strong></span> <span class='ocrx_word' id='word_1_280' title='bbox 988 3448 1058 3500; x_wconf 91' lang='lat' dir='ltr'><strong>redi-</strong></span> 
     </span>
     <span class='ocr_line' id='line_1_34' title="bbox 10 3519 1057 3594; baseline -0.009 -15"><span class='ocrx_word' id='word_1_281' title='bbox 10 3537 34 3580; x_wconf 85' lang='lat' dir='ltr'><strong>st</strong></span> <span class='ocrx_word' id='word_1_282' title='bbox 53 3527 80 3576; x_wconf 90' lang='lat' dir='ltr'><strong>in</strong></span> <span class='ocrx_word' id='word_1_283' title='bbox 101 3523 201 3576; x_wconf 89' lang='lat' dir='ltr'><strong>urbem.</strong></span> <span class='ocrx_word' id='word_1_284' title='bbox 237 3529 371 3594; x_wconf 70' lang='lat' dir='ltr'><strong>caeterum</strong></span> <span class='ocrx_word' id='word_1_285' title='bbox 389 3522 499 3574; x_wconf 85' lang='lat' dir='ltr'><strong>mittens</strong></span> <span class='ocrx_word' id='word_1_286' title='bbox 517 3521 618 3572; x_wconf 74' lang='lat' dir='ltr'><strong>Azanes</strong></span> <span class='ocrx_word' id='word_1_287' title='bbox 643 3519 678 3572; x_wconf 94' lang='lat' dir='ltr'><strong>ad</strong></span> <span class='ocrx_word' id='word_1_288' title='bbox 700 3539 746 3574; x_wconf 91' lang='lat' dir='ltr'><strong>eos</strong></span> <span class='ocrx_word' id='word_1_289' title='bbox 767 3521 814 3588; x_wconf 88' lang='lat' dir='ltr'><strong>qui</strong></span> <span class='ocrx_word' id='word_1_290' title='bbox 836 3519 1011 3570; x_wconf 80' lang='lat' dir='ltr'><strong>versabantur</strong></span> <span class='ocrx_word' id='word_1_291' title='bbox 1028 3521 1057 3570; x_wconf 91' lang='lat' dir='ltr'><strong>in</strong></span> 
     </span>
     <span class='ocr_line' id='line_1_35' title="bbox 15 3589 1058 3659; baseline -0.008 -9"><span class='ocrx_word' id='word_1_292' title='bbox 15 3611 97 3650; x_wconf 81' lang='lat' dir='ltr'><strong>enare</strong></span> <span class='ocrx_word' id='word_1_293' title='bbox 117 3605 145 3648; x_wconf 87' lang='lat' dir='ltr'><strong>et</strong></span> <span class='ocrx_word' id='word_1_294' title='bbox 166 3593 296 3656; x_wconf 75' lang='lat' dir='ltr'><strong>Laconis,</strong></span> <span class='ocrx_word' id='word_1_295' title='bbox 323 3593 361 3644; x_wconf 87' lang='lat' dir='ltr'><strong>sic</strong></span> <span class='ocrx_word' id='word_1_296' title='bbox 380 3609 426 3644; x_wconf 87' lang='lat' dir='ltr'><strong>eos</strong></span> <span class='ocrx_word' id='word_1_297' title='bbox 453 3589 610 3644; x_wconf 81' lang='lat' dir='ltr'><strong>adhortatus</strong></span> <span class='ocrx_word' id='word_1_298' title='bbox 630 3601 678 3644; x_wconf 85' lang='lat' dir='ltr'><strong>est.</strong></span> <span class='ocrx_word' id='word_1_299' title='bbox 714 3591 785 3642; x_wconf 83' lang='lat' dir='ltr'><strong>“viri</strong></span> <span class='ocrx_word' id='word_1_300' title='bbox 805 3590 941 3659; x_wconf 74' lang='lat' dir='ltr'><strong>Spartani,</strong></span> <span class='ocrx_word' id='word_1_301' title='bbox 960 3589 1058 3642; x_wconf 82' lang='lat' dir='ltr'><strong>videtis</strong></span> 
     </span>
     <span class='ocr_line' id='line_1_36' title="bbox 10 3661 1057 3734; baseline -0.007 -15"><span class='ocrx_word' id='word_1_302' title='bbox 10 3671 111 3728; x_wconf 82' lang='lat' dir='ltr'><strong>uirum,</strong></span> <span class='ocrx_word' id='word_1_303' title='bbox 130 3665 180 3716; x_wconf 88' lang='lat' dir='ltr'><strong>nisi</strong></span> <span class='ocrx_word' id='word_1_304' title='bbox 208 3663 280 3716; x_wconf 79' lang='lat' dir='ltr'><strong>cneci</strong></span> <span class='ocrx_word' id='word_1_305' title='bbox 301 3665 374 3725; x_wconf 88' lang='lat' dir='ltr'><strong>estis,</strong></span> <span class='ocrx_word' id='word_1_306' title='bbox 393 3679 447 3734; x_wconf 91' lang='lat' dir='ltr'><strong>qno</strong></span> <span class='ocrx_word' id='word_1_307' title='bbox 470 3663 522 3714; x_wconf 90' lang='lat' dir='ltr'><strong>loci</strong></span> <span class='ocrx_word' id='word_1_308' title='bbox 543 3661 708 3714; x_wconf 87' lang='lat' dir='ltr'><strong>Venetorum</strong></span> <span class='ocrx_word' id='word_1_309' title='bbox 738 3677 778 3712; x_wconf 90' lang='lat' dir='ltr'><strong>res</strong></span> <span class='ocrx_word' id='word_1_310' title='bbox 797 3661 922 3712; x_wconf 88' lang='lat' dir='ltr'><strong>redactas</strong></span> <span class='ocrx_word' id='word_1_311' title='bbox 941 3662 1005 3720; x_wconf 80' lang='lat' dir='ltr'><strong>sint,</strong></span> <span class='ocrx_word' id='word_1_312' title='bbox 1023 3677 1057 3712; x_wconf 84' lang='lat' dir='ltr'><strong>ex</strong></span> 
     </span>
     <span class='ocr_line' id='line_1_37' title="bbox 10 3731 1056 3802; baseline -0.008 -10"><span class='ocrx_word' id='word_1_313' title='bbox 10 3739 149 3792; x_wconf 87' lang='lat' dir='ltr'><strong>obeilum</strong></span> <span class='ocrx_word' id='word_1_314' title='bbox 176 3737 230 3802; x_wconf 78' lang='lat' dir='ltr'><strong>regi</strong></span> <span class='ocrx_word' id='word_1_315' title='bbox 261 3733 417 3786; x_wconf 84' lang='lat' dir='ltr'><strong>indixerant</strong></span> <span class='ocrx_word' id='word_1_316' title='bbox 441 3741 468 3786; x_wconf 87' lang='lat' dir='ltr'><strong>et</strong></span> <span class='ocrx_word' id='word_1_317' title='bbox 497 3734 637 3784; x_wconf 76' lang='lat' dir='ltr'><strong>maximam</strong></span> <span class='ocrx_word' id='word_1_318' title='bbox 663 3733 800 3802; x_wconf 88' lang='lat' dir='ltr'><strong>potentiae</strong></span> <span class='ocrx_word' id='word_1_319' title='bbox 821 3749 885 3784; x_wconf 85' lang='lat' dir='ltr'><strong>snae</strong></span> <span class='ocrx_word' id='word_1_320' title='bbox 903 3740 1008 3800; x_wconf 89' lang='lat' dir='ltr'><strong>partem</strong></span> <span class='ocrx_word' id='word_1_321' title='bbox 1026 3731 1056 3784; x_wconf 87' lang='lat' dir='ltr'><strong>isa</strong></span> 
     </span>
     <span class='ocr_line' id='line_1_38' title="bbox 10 3801 1056 3880; baseline -0.01 -16"><span class='ocrx_word' id='word_1_322' title='bbox 10 3815 159 3880; x_wconf 90' lang='lat' dir='ltr'><strong>loponneso</strong></span> <span class='ocrx_word' id='word_1_323' title='bbox 184 3813 361 3858; x_wconf 86' lang='lat' dir='ltr'><strong>ostentarunt.</strong></span> <span class='ocrx_word' id='word_1_324' title='bbox 396 3813 535 3875; x_wconf 78' lang='lat' dir='ltr'><strong>praeterea</strong></span> <span class='ocrx_word' id='word_1_325' title='bbox 553 3804 627 3856; x_wconf 84' lang='lat' dir='ltr'><strong>hand</strong></span> <span class='ocrx_word' id='word_1_326' title='bbox 646 3821 692 3855; x_wconf 85' lang='lat' dir='ltr'><strong>vos</strong></span> <span class='ocrx_word' id='word_1_327' title='bbox 716 3801 786 3869; x_wconf 83' lang='lat' dir='ltr'><strong>sugit</strong></span> <span class='ocrx_word' id='word_1_328' title='bbox 807 3801 874 3873; x_wconf 88' lang='lat' dir='ltr'><strong>qnid</strong></span> <span class='ocrx_word' id='word_1_329' title='bbox 890 3803 919 3854; x_wconf 91' lang='lat' dir='ltr'><strong>iu</strong></span> <span class='ocrx_word' id='word_1_330' title='bbox 945 3802 1056 3865; x_wconf 88' lang='lat' dir='ltr'><strong>isthmo,</strong></span> 
     </span>
     <span class='ocr_line' id='line_1_39' title="bbox 17 3873 1056 3948; baseline -0.01 -13"><span class='ocrx_word' id='word_1_331' title='bbox 17 3885 47 3934; x_wconf 89' lang='lat' dir='ltr'><strong>in</strong></span> <span class='ocrx_word' id='word_1_332' title='bbox 66 3881 170 3948; x_wconf 80' lang='lat' dir='ltr'><strong>relique</strong></span> <span class='ocrx_word' id='word_1_333' title='bbox 192 3877 370 3945; x_wconf 85' lang='lat' dir='ltr'><strong>Peloponnesi</strong></span> <span class='ocrx_word' id='word_1_334' title='bbox 388 3877 497 3944; x_wconf 75' lang='lat' dir='ltr'><strong>regione</strong></span> <span class='ocrx_word' id='word_1_335' title='bbox 510 3877 544 3928; x_wconf 88' lang='lat' dir='ltr'><strong>iis</strong></span> <span class='ocrx_word' id='word_1_336' title='bbox 561 3875 697 3935; x_wconf 84' lang='lat' dir='ltr'><strong>occiderit,</strong></span> <span class='ocrx_word' id='word_1_337' title='bbox 714 3875 833 3944; x_wconf 82' lang='lat' dir='ltr'><strong>quamvis</strong></span> <span class='ocrx_word' id='word_1_338' title='bbox 852 3875 940 3940; x_wconf 75' lang='lat' dir='ltr'><strong>regiae</strong></span> <span class='ocrx_word' id='word_1_339' title='bbox 960 3873 1056 3942; x_wconf 85' lang='lat' dir='ltr'><strong>copiae</strong></span> 
     </span>
     <span class='ocr_line' id='line_1_40' title="bbox 10 3945 1055 4018; baseline -0.008 -14"><span class='ocrx_word' id='word_1_340' title='bbox 10 3971 52 4004; x_wconf 80' lang='lat' dir='ltr'><strong>nm</strong></span> <span class='ocrx_word' id='word_1_341' title='bbox 78 3948 234 4018; x_wconf 81' lang='lat' dir='ltr'><strong>longissime</strong></span> <span class='ocrx_word' id='word_1_342' title='bbox 261 3947 364 4000; x_wconf 85' lang='lat' dir='ltr'><strong>inerint</strong></span> <span class='ocrx_word' id='word_1_343' title='bbox 393 3955 528 4010; x_wconf 84' lang='lat' dir='ltr'><strong>remotae,</strong></span> <span class='ocrx_word' id='word_1_344' title='bbox 555 3953 584 4000; x_wconf 87' lang='lat' dir='ltr'><strong>et</strong></span> <span class='ocrx_word' id='word_1_345' title='bbox 610 3945 662 4017; x_wconf 89' lang='lat' dir='ltr'><strong>ipsi</strong></span> <span class='ocrx_word' id='word_1_346' title='bbox 684 3961 763 4016; x_wconf 84' lang='lat' dir='ltr'><strong>quem</strong></span> <span class='ocrx_word' id='word_1_347' title='bbox 792 3945 907 3998; x_wconf 78' lang='lat' dir='ltr'><strong>maxims</strong></span> <span class='ocrx_word' id='word_1_348' title='bbox 924 3946 953 3996; x_wconf 88' lang='lat' dir='ltr'><strong>in</strong></span> <span class='ocrx_word' id='word_1_349' title='bbox 974 3961 1055 3996; x_wconf 89' lang='lat' dir='ltr'><strong>unum</strong></span> 
     </span>
     <span class='ocr_line' id='line_1_41' title="bbox 10 4015 1054 4088; baseline -0.009 -13"><span class='ocrx_word' id='word_1_350' title='bbox 10 4024 89 4076; x_wconf 82' lang='lat' dir='ltr'><strong>denti.</strong></span> <span class='ocrx_word' id='word_1_351' title='bbox 127 4022 148 4072; x_wconf 91' lang='lat' dir='ltr'><strong>si</strong></span> <span class='ocrx_word' id='word_1_352' title='bbox 170 4020 270 4088; x_wconf 72' lang='lat' dir='ltr'><strong>regium</strong></span> <span class='ocrx_word' id='word_1_353' title='bbox 290 4035 396 4070; x_wconf 83' lang='lat' dir='ltr'><strong>servum</strong></span> <span class='ocrx_word' id='word_1_354' title='bbox 408 4017 545 4072; x_wconf 88' lang='lat' dir='ltr'><strong>hostiliter</strong></span> <span class='ocrx_word' id='word_1_355' title='bbox 561 4015 704 4070; x_wconf 81' lang='lat' dir='ltr'><strong>adeuntem</strong></span> <span class='ocrx_word' id='word_1_356' title='bbox 723 4015 854 4068; x_wconf 88' lang='lat' dir='ltr'><strong>sustinere</strong></span> <span class='ocrx_word' id='word_1_357' title='bbox 866 4017 1054 4086; x_wconf 79' lang='lat' dir='ltr'><strong>nequiverunt,</strong></span> 
     </span>
     <span class='ocr_line' id='line_1_42' title="bbox 10 4087 1053 4160; baseline -0.009 -15"><span class='ocrx_word' id='word_1_358' title='bbox 10 4094 38 4146; x_wconf 89' lang='lat' dir='ltr'><strong>id</strong></span> <span class='ocrx_word' id='word_1_359' title='bbox 59 4095 178 4146; x_wconf 81' lang='lat' dir='ltr'><strong>futurum</strong></span> <span class='ocrx_word' id='word_1_360' title='bbox 196 4099 262 4155; x_wconf 86' lang='lat' dir='ltr'><strong>erat,</strong></span> <span class='ocrx_word' id='word_1_361' title='bbox 280 4091 301 4141; x_wconf 88' lang='lat' dir='ltr'><strong>sl</strong></span> <span class='ocrx_word' id='word_1_362' title='bbox 322 4105 367 4140; x_wconf 82' lang='lat' dir='ltr'><strong>rex</strong></span> <span class='ocrx_word' id='word_1_363' title='bbox 385 4091 444 4160; x_wconf 89' lang='lat' dir='ltr'><strong>ipse</strong></span> <span class='ocrx_word' id='word_1_364' title='bbox 466 4106 520 4142; x_wconf 87' lang='lat' dir='ltr'><strong>una</strong></span> <span class='ocrx_word' id='word_1_365' title='bbox 537 4105 597 4141; x_wconf 89' lang='lat' dir='ltr'><strong>cum</strong></span> <span class='ocrx_word' id='word_1_366' title='bbox 614 4088 700 4140; x_wconf 85' lang='lat' dir='ltr'><strong>ianuis</strong></span> <span class='ocrx_word' id='word_1_367' title='bbox 718 4087 746 4140; x_wconf 89' lang='lat' dir='ltr'><strong>in</strong></span> <span class='ocrx_word' id='word_1_368' title='bbox 767 4087 981 4156; x_wconf 86' lang='lat' dir='ltr'><strong>Peloponnesum</strong></span> <span class='ocrx_word' id='word_1_369' title='bbox 1002 4088 1053 4138; x_wconf 88' lang='lat' dir='ltr'><strong>im-</strong></span> 
     </span>
     <span class='ocr_line' id='line_1_43' title="bbox 10 4157 1052 4232; baseline -0.01 -15"><span class='ocrx_word' id='word_1_370' title='bbox 10 4175 62 4218; x_wconf 86' lang='lat' dir='ltr'><strong>tum</strong></span> <span class='ocrx_word' id='word_1_371' title='bbox 82 4161 223 4216; x_wconf 84' lang='lat' dir='ltr'><strong>dedisset?</strong></span> <span class='ocrx_word' id='word_1_372' title='bbox 260 4161 382 4232; x_wconf 82' lang='lat' dir='ltr'><strong>proiecto</strong></span> <span class='ocrx_word' id='word_1_373' title='bbox 410 4159 500 4214; x_wconf 88' lang='lat' dir='ltr'><strong>nulius</strong></span> <span class='ocrx_word' id='word_1_374' title='bbox 530 4159 604 4214; x_wconf 89' lang='lat' dir='ltr'><strong>locus</strong></span> <span class='ocrx_word' id='word_1_375' title='bbox 622 4161 651 4213; x_wconf 85' lang='lat' dir='ltr'><strong>in</strong></span> <span class='ocrx_word' id='word_1_376' title='bbox 674 4159 857 4230; x_wconf 86' lang='lat' dir='ltr'><strong>Peloponneso</strong></span> <span class='ocrx_word' id='word_1_377' title='bbox 876 4157 1052 4212; x_wconf 84' lang='lat' dir='ltr'><strong>inissetrsli·</strong></span> 
     </span>
    </p>
   </div>
   <div class='ocr_carea' id='block_1_6' title="bbox 0 0 1310 4618">
    <p class='ocr_par' dir='ltr' id='par_1_11' title="bbox 0 0 1310 4618">
     <span class='ocr_line' id='line_1_44' title="bbox 0 0 1310 4618; baseline 0 0"><span class='ocrx_word' id='word_1_378' title='bbox 0 0 1310 4618; x_wconf 95' lang='lat' dir='ltr'><strong> </strong></span> 
     </span>
    </p>
   </div>
  </div>
 </body>
</html>
