2730 4630
353 271 407 334 DE
436 271 566 334 REBUS
594 267 783 334 waetcts
812 270 848 333 L.
869 273 908 334 V.
1088 266 1166 338 233,

62 443 187 504 ναμεν,
209 419 264 484 διό
286 424 344 486 τοῦ
364 418 461 504 πυρὸς
493 427 587 484 κινεῖν
607 443 639 482 τε
671 420 832 504 ἀμήχανον
865 423 918 486 κατ’
948 421 1077 502 βάλλειν
1097 445 1162 504 μα.
1203 457 1210 474 ·

68 518 227 604 κρότατα.

158 615 236 684 Τότε
257 621 317 700 μὲν
343 610 400 683 οὖν
426 617 627 704 Ἀμοορότης
655 615 672 684 ὅ
703 623 883 702 Μεχμέτεοο
911 620 1088 704 τηλεβόλονς
1107 624 1163 684 κοτ’

64 711 184 793 ἄλλοις
204 727 364 804 μηχαναῖς
387 716 616 800 πειρασόμενος
638 721 694 784 τοῦ
714 723 837 804 ιμ’χοος
858 720 931 804 περὶ
951 715 1070 803 ἡμέρας
1090 715 1160 784 ἱκα-

34 815 124 892 5νάς
145 823 321 900 προσέβαλε
345 822 389 906 cpi
408 821 508 900 τείχει
530 818 696 906 ἁπανταχῇ
715 821 770 882 καί
790 816 872 885 ἑλεῖν
893 820 1049 901 ἐπειρᾶτο.
1090 821 1160 898 ἐξε-

62 915 243 994 κρούσαντο
277 921 312 982 δὲ
346 916 445 982 aricia
472 916 535 982 ἀπό
560 923 673 982 τετῶν
703 921 863 1000 κλιμάκων
882 915 1110 1001 καταβαλόντες
1129 915 1160 984 οἷ

52 1011 204 1098 Ἓλληνες
235 1015 310 1092 τούς
337 1019 495 1097 βασιλέως
526 1018 696 1100 νεήλυδας,
730 1023 785 1084 καί
812 1023 903 1086 ἑνιέον
924 1018 1159 1102 ἀποταμόμενοι

59 1115 120 1189 τός
142 1115 282 1201 nepotata
303 1120 520 1200 ἀπηνέγκαντο.
561 1118 756 1201 Ἀμοορότνγς
777 1122 814 1202 δ’,
835 1114 878 1194 ὥς
901 1123 994 1185 οάδὲν
1013 1116 1157 1201 προεχό-

60 1241 115 1298 ρει
141 1215 158 1300 ἦ
181 1222 239 1280 τοῦ
262 1213 381 1292 όσνεονς
403 1219 542 1301 αἵρεσις,
572 1211 710 1299 ἦσχαλλέ
733 1241 768 1282 τε
796 1217 851 1283 καί
870 1217 1000 1302 ἠθύμει,
1020 1212 1097 1308 ᾤετο
1118 1223 1155 1286 δὲ

12 1313 214 1396 motarjam
234 1317 288 1399 τὴν
307 1316 408 1381 πόλιν.
451 1317 646 1399 διατρίβοντι
678 1321 713 1383 δὲ
734 1314 820 1406 asieri
840 1317 1103 1402 ε’πεκιγροκεόσννό
1122 1335 1184 1388 rsC

57 1413 273 1499 οὶἛλλιγνες·
332 1418 400 1480 ἀλλ’
420 1419 489 1480 ou'd’
509 1413 551 1490 dic
582 1411 693 1498 ἢθελεν
714 1420 822 1495 adroic
842 1421 1043 1486 σπένδεσθαι.
1083 1423 1156 1500 μετ’

58 1515 104 1578 od
121 1518 163 1582 δὲ
183 1515 301 1592 πολλός
336 1518 457 1602 ἡμέρας
479 1515 639 1598 ἀπεχώρει
664 1522 712 1581 ἐπ’
738 1504 843 1606 otior,
866 1523 921 1582 κατ’
940 1517 978 1584 τό
1000 1519 1156 1600 στρατεύ-

56 1641 152 1694 ματα
171 1616 259 1703 αάτρῖ
280 1619 392 1699 διῆκεν.
436 1613 534 1696 οἱμὲν
557 1611 613 1680 odo
630 1612 773 1701 Ἓλληνες
794 1622 940 1702 πρέσβεις
961 1641 995 1682 τε
1017 1615 1155 1698 ἔπεμπον

58 1713 151 1794 παρά
171 1715 348 1800 Ἀμοορότρ
370 1719 424 1781 καὶ
444 1719 587 1782 ἐδέοντο·
620 1711 636 1778 ὃ
660 1720 695 1780 δὲ
716 1719 916 1798 ἀπεπέμπετο
939 1719 994 1780 καί
1014 1717 1054 1780 ου’
1076 1740 1154 1797 προ-

15 1818 149 1882 marato
170 1813 225 1898 τὴν
248 1819 389 1892 ἀξίωσιν.
432 1814 510 1897 μετὰ
534 1820 568 1880 δὲ
589 1819 700 1896 ταῦτα,
724 1815 768 1891 ἀς
779 1821 984 1900 πειρωμένοις
1005 1825 1068 1893 τοῖς
1083 1813 1154 1880 Ἓλ-

58 1919 136 1996 λρσε
158 1915 222 1978 τῶν
244 1919 386 1980 σπονδῶν
410 1915 504 1980 οὐδὲν
524 1914 709 1997 προεχώρεε,
733 1917 898 1997 τρέπονται
918 1917 972 1980 ε’πί
989 1915 1043 1981 τόν
1058 1920 1153 1982 Mou-

57 2015 190 2096 σταφόν
212 2011 266 2076 τόν
280 2017 460 2096 Μεχμὲτειο
483 2018 594 2078 παῖδα.
635 2013 727 2096 ἔτυχε
749 2017 783 2079 δὲ
804 2014 976 2099 διατρόδονν
996 2015 1083 2097 παρὰ
1106 2018 1149 2102 τῷ

57 2109 254 2200 Καραμόνρν
274 2111 331 2194 τὴν
351 2113 477 2178 διἀιταν
499 2112 693 2194 ποιούμενος.
745 2119 892 2196 πρέσβεις
912 2118 947 2178 δὲ
967 2119 1148 2196 πέμψαντες

57 2215 294 2290 μετεπέμποντο
327 2217 381 2278 ἕπε’
399 2211 578 2293 Βνζόντιον
603 2213 656 2278 τόν
687 2216 806 2296 παῖδα,
836 2214 983 2297 γεγονότα
1005 2209 1092 2300 ἀμφὶ
1109 2215 1149 2280 sd

16 2315 265 2392 λθτρισκαίδεκα
277 2310 344 2396 ἔτη.
369 2311 439 2378 ε’πεί
459 2317 493 2378 δὲ
513 2313 642 2398 ἀφίκετο
663 2316 695 2390 ἐς
707 2313 879 2393 Βυζάντιον
899 2312 1010 2398 ὀπαῖς,
1030 2311 1150 2392 ἔπεμπε

59 2408 172 2490 λόγους
193 2411 281 2492 nupsi
311 2411 383 2488 τοός
411 2413 587 2498 Τοόρκονς,
608 2413 730 2496 μεγόλα
752 2438 786 2478 τε
810 2411 1071 2496 ὑπισχνοόμενος,
1096 2415 1150 2478 καὶ
1159 2431 1182 2483 1)

57 2508 178 2590 μετιών
199 2509 329 2578 ἕκαστον
350 2515 553 2596 ἐπηγγέλλετο
581 2515 738 2580 διπλασίαν
768 2511 892 2579 πόντων
913 2505 958 2578 οἷν
979 2507 1063 2596 εἶχεν
1084 2508 1147 2578 dari

62 2799 227 2867 potentiam,
245 2799 431 2852 intercedente
450 2802 521 2868 igue,
541 2817 656 2852 movere.
692 2799 792 2869 quibus
808 2799 932 2852 omuibus
950 2799 1101 2852 coniunctis
1119 2800 1152 2852 dt

61 2879 94 2920 ut
111 2869 184 2937 lapis
203 2873 257 2920 sire
279 2870 375 2938 globus
393 2873 420 2922 in
443 2881 544 2923 tanturn
566 2869 762 2936 longitudinem
778 2872 899 2924 iaciatur.
1094 2919 1097 2935 ,

134 2943 275 2991 Amarates
302 2944 385 3009 igitur
403 2943 560 2993 Mechtnetis
580 2943 669 3004 filius,
690 2959 826 3010 aggressus
844 2958 960 3006 murum,
978 2941 1082 3010 ubique
1100 2939 1152 2992 ad·-

62 3011 145 3062 motis
163 3011 320 3062 bombardis
351 3024 378 3063 et
396 3015 457 3064 aliis
473 3013 604 3064 machinis
629 3029 689 3064 eum
709 3029 805 3082 capere
829 3012 974 3064 nitebatur.
1010 3021 1038 3064 st
1055 3011 1151 3064 Graeci

59 3083 169 3132 moenis
196 3083 303 3134 sortiter
317 3084 513 3145 defendebant,
540 3084 573 3136 de
600 3085 678 3135 scalis
705 3085 879 3135 deturbantes
898 3085 1054 3154 peregrinos
1074 3084 1152 3152 regis.

61 3153 172 3219 qnidam
191 3155 335 3222 amputatis
353 3156 484 3223 capitibus
503 3154 715 3207 devolvebantur
727 3156 760 3206 ad
781 3173 852 3206 suos.
866 3157 1004 3207 Amarates
1024 3171 1083 3206 curn
1104 3155 1151 3206 ni-

59 3221 100 3272 bil
119 3225 247 3282 ediceret,
266 3225 332 3274 licet
349 3229 438 3276 orouia
458 3235 576 3278 tentaret
593 3243 662 3297 quoe
683 3226 716 3276 od
742 3226 834 3278 urbem
853 3226 1009 3295 capiendam
1027 3227 1150 3296 pertine-

60 3301 130 3354 rent,
150 3296 263 3346 tristitia
296 3300 405 3348 affectus
425 3307 482 3363 σοις
509 3307 537 3350 et
553 3299 634 3348 animi
655 3301 750 3348 ansius
770 3315 855 3366 usque
873 3299 987 3366 putabat
1006 3313 1034 3348 se
1055 3297 1149 3348 urbem

59 3373 264 3434 occupaturum.
301 3383 386 3418 moras
405 3368 487 3435 igitur
508 3387 566 3420 cum
584 3377 706 3420 necteret
726 3385 776 3419 nec
797 3367 830 3418 ab
849 3369 923 3420 urbis
942 3367 1085 3419 obsidione
1106 3365 1149 3417 di-

59 3436 194 3500 scederet,
212 3437 373 3489 Graecorum
390 3439 472 3505 legati
492 3442 607 3492 veniunt
623 3455 715 3510 pacem
734 3449 762 3491 et
776 3437 872 3490 foedus
892 3447 1024 3508 petentes.
1043 3447 1071 3488 at
1090 3437 1149 3506 ipse

58 3505 177 3558 Graecos
198 3509 225 3558 io
246 3509 341 3558 foedus
360 3513 494 3579 suscipere
514 3511 723 3579 aspernabatur3
742 3525 793 3562 nec
811 3511 903 3561 multis
921 3508 1017 3560 diebus
1038 3516 1102 3576 post
1118 3523 1149 3558 re

58 3576 160 3630 intecta
179 3577 287 3630 domum
307 3596 427 3632 reversus
446 3590 494 3632 est.
531 3583 624 3650 copias
636 3599 699 3632 vero
717 3583 776 3631 eius
795 3597 888 3632 omnes
905 3578 1097 3630 dilabebantur
1113 3575 1149 3628 ad

59 3663 114 3698 sua.
154 3649 251 3702 Graeci
271 3651 372 3718 legatos
392 3653 430 3702 ire
452 3652 640 3716 iusseruntad
655 3655 815 3714 Amuratem,
836 3660 940 3703 oratum
958 3665 1066 3720 pacem
1079 3665 1149 3719 quos

58 3717 163 3772 dimisit
181 3723 341 3785 timoratos,
368 3726 484 3792 ipsorum
509 3723 668 3793 petitionem
695 3732 839 3774 aversatus.
874 3739 935 3772 cum
953 3722 1035 3787 igitur
1052 3719 1148 3772 Graeci

57 3793 215 3844 affectarent
235 3793 344 3845 summis
362 3796 430 3846 sotis
451 3811 551 3862 pacem,
571 3811 622 3846 nec
640 3803 729 3845 tuanen
749 3811 806 3844 eam
827 3795 1011 3861 impetrarent,
1030 3790 1064 3842 ad
1083 3791 1147 3842 Mu-

58 3863 179 3930 stapbam
201 3874 404 3926 convertuntur,
422 3865 580 3918 Mscbsnetis
600 3867 693 3916 iiiiusn.
730 3881 761 3916 ea
780 3871 940 3932 tempestate
959 3864 983 3914 is
1001 3861 1073 3933 apud
1094 3865 1148 3915 Ca-

58 3949 194 3984 ramanum
214 3935 331 4000 agebat,
350 3937 449 3988 victum
477 3946 504 3988 et
522 3938 671 3988 necessasia
693 3935 727 3986 ab
747 3951 779 3986 eo
805 3935 923 4006 capiens.
959 3935 1047 3986 missis
1065 3934 1148 4002 igitar

58 4001 153 4070 legatis
174 4005 270 4057 Graeci
289 4007 461 4078 Mustapbsm
480 4006 638 4058 Mecbmetis
667 4008 768 4070 fliium,
788 4023 849 4058 curn
876 4014 954 4058 natus
972 4015 1044 4058 esset
1061 4022 1146 4057 annos

57 4075 194 4137 tredecim,
209 4086 357 4130 accersunt.
403 4095 470 4148 puer
487 4079 535 4129 ubi
555 4079 708 4144 Byzantium
727 4079 812 4142 venit,
828 4093 965 4130 sermones
983 4077 1079 4146 sparsit
1098 4092 1146 4146 per

56 4145 79 4196 Τ
82 4162 168 4209 urens,
186 4149 289 4216 magnis
318 4149 454 4219 promissis
482 4167 529 4202 eos
547 4149 710 4215 accendens,
728 4147 912 4219 prebenssbst
930 4148 1060 4216 singulos,
1081 4145 1147 4216 qui-

363 4270 372 4299 G
