2730 4630
345 299 400 362 uo
430 260 564 362 naotrs'
587 249 775 364 tuncrus
803 297 839 360 π.
860 299 912 358 ιν.
1083 289 1156 362 209

147 445 336 530 Ἦρμόσατα
357 451 393 514 di
414 451 470 512 καί
490 444 601 530 ἑτέραν
630 443 731 511 αὑτοῦ
749 447 913 530 θυγατίρα
938 445 1096 534 Καροόλρι
1116 453 1160 534 τῷ

5 553 6 616 3
58 544 278 632 Ἀκαρνανίας
300 570 335 612 τε
355 545 410 611 καί
426 545 590 620 Αἰτωλίας
609 543 748 629 ἡγεμόνι.
792 535 967 627 οὗτοςγόρ,
989 545 1031 620 ὥς
1052 547 1082 611 οἱ
1104 550 1188 630 τῆςΒ

5 639 6 672 i
63 646 180 730 χοόρας
201 645 317 732 ταύτης
351 639 502 728 ἄρχοντες
532 641 683 727 πρότερον
712 643 918 727 προσήκοντές
939 669 973 710 τε
1000 639 1083 730 ἦσαν
1102 649 1161 712 τοῦ

68 746 290 830 Παρθενόπης
322 749 379 830 τῆς
407 744 598 821 Νεαπόλεως
624 747 817 826 καλουμένης
847 748 1018 827 βασιλέως,
1046 745 1101 810 καί
1118 745 1162 822 σός

41 847 132 910 trini
154 869 190 912 τε
210 847 274 912 τῶν
295 849 461 928 περιοίκων
483 843 539 908 καί
553 847 617 908 τοῖν
648 843 748 931 ταύτῃ
771 841 873 908 όθνοόν
894 842 1107 911 ἀπελαύνοντα
1126 843 1162 912 ἐκ

67 952 126 1032 τῆς
144 948 258 1031 χοόρας
276 939 430 1028 ἄρχοντος
449 944 718 1024 ἀπαλλαττόμενοι
750 940 805 1008 ἐπί
824 943 967 1022 Ἰταλίας,
989 949 1163 1032 Κεφαλλη-

67 1055 122 1112 νία
144 1051 182 1112 δὲ
200 1048 257 1110 καί
272 1035 510 1119 Ζόκυνθος’καί
523 1042 557 1109 αἱ
579 1045 734 1126 Ἐχινάδες
749 1048 847 1126 νῆσοι,
869 1041 943 1108 douc
964 1046 1061 1134 ταύτῃ
1081 1047 1164 1134 ‹pieq-

65 1154 166 1230 μὲναι
185 1144 367 1227 ἐτύγχανον,
395 1142 428 1220 ἐς
448 1144 574 1208 τουτονί
591 1142 644 1208 τόν
664 1147 798 1225 βασιλέα
831 1148 1042 1226 τετραμμέναι
1062 1141 1164 1228 όρμο-

66 1250 148 1331 στὴν
184 1270 217 1310 τε
245 1243 388 1328 ἐδέχοντο
415 1248 471 1308 καί
501 1237 638 1326 ἄρχοντα
666 1245 723 1308 τοῦ
751 1247 908 1324 βασιλέως
939 1241 1163 1329 Παρθενόπης.

26 1349 225 1434 ιθιίφίκουτο
245 1344 362 1427 μὲνδὴ
385 1345 440 1408 καί
456 1338 546 1408 ἄλλοι
571 1343 709 1425 πρόσθεν
731 1344 891 1427 ἁρμοσταὶ
909 1345 1030 1421 εἰςτὰς
1052 1344 1165 1428 νήσους

66 1445 199 1526 ταότας,
217 1447 251 1510 ἐν
275 1446 311 1509 δὲ
334 1441 372 1526 δὴ
401 1447 455 1507 καί
476 1440 645 1526 Κόρουλος
667 1441 801 1524 οότοσίν,
823 1441 838 1506 ό
859 1446 916 1527 τῆς
939 1446 1038 1519 οίκίας
1060 1441 1165 1508 Τόκων

66 1545 270 1626 κωλυόμενος,
292 1542 373 1626 ἔχων
387 1539 532 1626 ἑταίρους
552 1547 625 1623 μεθ
647 1535 766 1607 ἑαυτοῦ
787 1536 906 1626 ἄνδρας
928 1541 1084 1624 α’γαθοός,
1109 1541 1165 1607 τόν
1217 1600 1219 1604 .

66 1671 100 1712 τε
119 1646 239 1712 ‘Princo
261 1647 316 1706 καί
335 1645 366 1708 Γ
364 1645 453 1708 ν’ίδον
484 1642 539 1708 καί
558 1645 796 1726 Μνλεϊαρὲσην.
846 1645 902 1706 καί
920 1639 963 1718 ὥς
984 1640 1019 1706 ἐν
1037 1647 1075 1729 τῇ
1098 1647 1163 1706 Κε-

68 1745 234 1832 φαλληνία
250 1745 464 1824 διατρίβοντες
486 1746 662 1825 προσέσχον
681 1765 716 1806 τε
738 1747 779 1828 τῇ
797 1741 944 1828 Ἠπείρῳ,
965 1738 1191 1823 ἔπαγομὲνωνῦ

28 1849 132 1910 lireio
149 1844 365 1926 Ἠπειρωτῶν,
383 1839 439 1925 τήν
457 1865 491 1905 τε
511 1843 622 1924 χώραν
635 1838 805 1928 ἐκτήσαντο
820 1842 929 1924 σφίσιν
950 1837 1087 1924 ὑπήκοον
1108 1838 1163 1904 καί

67 1945 150 2010 κατὰ
170 1943 278 2026 βραχύ
299 1937 355 2031 τήν
374 1964 410 2004 τε
432 1941 651 2024 Ἀκαρνανίαν.
671 1940 821 2020 Ἀλβανοί
840 1943 875 2006 δὲ
897 1939 1078 2026 ω’ρμημένοι
1098 1939 1161 2005 aiud

63 2041 260 2124 Ἐπιδάμνου
280 2045 333 2106 καί
353 2039 387 2105 τό
410 2039 490 2124 πρός
511 2039 554 2104 ἕω
573 2043 755 2121 βαδίζοντες
780 2042 957 2106 Θετταλίαν
979 2063 1013 2105 τε
1034 2039 1160 2126 όπηγό.

65 2167 159 2227 γοντα
178 2143 272 2227 σφίσι
299 2144 354 2204 καί
372 2144 429 2224 τῆς
448 2143 618 2223 μεσογαίοο
648 2141 852 2217 Μακεδονίας
872 2140 912 2205 τό
934 2143 1029 2220 πλέω,
1048 2141 1162 2223 Ἀργυ-

70 2241 262 2325 ροπολίχνὴν
284 2265 319 2304 τε
339 2245 395 2306 καί
415 2241 611 2325 Καστοριάν.
654 2237 839 2325 α’φικόμενοι
860 2243 895 2304 δὲ
916 2237 972 2304 ἐπί
985 2236 1162 2304 Θετταλίαν

26 2343 125 2426 eoric
147 2365 182 2406 re
200 2341 312 2426 χώραν
332 2341 444 2428 σφίσιν
466 2341 651 2424 ὑποχείριον
671 2338 885 2424 ποιησόμενοι,
905 2343 960 2404 καί
978 2339 1036 2414 τός
1057 2337 1163 2412 πόλεις

68 2439 321 2526 ἐπιδιελόμενοι,
344 2442 424 2506 κστό
454 2445 540 2527 σφοῖς
569 2438 711 2520 ἐνέμοντο
731 2439 789 2522 τήν
811 2436 941 2524 χώραν,
971 2440 1107 2521 νομάδες
1127 2462 1163 2505 τε

68 2536 155 2618 όκτες
176 2541 232 2606 καί
251 2543 378 2628 ου’δαμῇ
404 2540 452 2613 ἔτι
469 2545 599 2623 βέβαιον
624 2541 716 2624 σφοόν
744 2541 847 2604 adroic
868 2537 927 2624 τὴν
948 2535 1067 2622 οἴκησιν
1090 2561 1162 2602 ποι·

69 2640 211 2726 οόμενοι.
253 2643 324 2706 ἐπεί
337 2643 373 2705 δὲ
394 2643 451 2706 καί
472 2645 505 2716 ἐς
526 2639 736 2722 Ἀκαρνανίαν
758 2635 946 2726 ἀφικόμενοι
966 2637 1076 2726 γνώμῃ
1099 2639 1161 2703 rori

139 2845 166 2899 6.
188 2847 218 2901 ol
235 2840 387 2918 ἄρχοντεςῗ
465 2903 471 2916 ¹
490 2836 534 2889 23·
553 2833 666 2890 ἔπειτπί

137 3033 233 3089 Filiam
260 3045 334 3082 enam
361 3027 471 3080 alteram
498 3021 644 3093 despondit
670 3016 766 3072 Carolo
794 3015 959 3068 Acarnaniae
984 3021 1013 3068 et
1031 3014 1155 3068 Aetoliae

68 3106 195 3178 principi.
232 3101 314 3154 duces
334 3098 450 3166 regionis
471 3095 544 3146 illiue
572 3093 675 3163 priorea
693 3087 867 3159 pertinebant
887 3086 923 3138 ad
942 3087 1154 3155 regeml’arthe·

67 3193 164 3247 napea,
186 3191 255 3246 quae
278 3189 350 3224 nunc
366 3168 495 3238 Neapolis
513 3173 632 3217 vocatur.
677 3178 737 3212 cum
755 3176 770 3209 a
788 3159 908 3210 finitimia
932 3165 960 3210 et
972 3159 1067 3212 vicinio
1086 3175 1154 3226 gen-

67 3249 140 3301 tibue
156 3245 360 3315 expellerentur
377 3241 433 3292 auia
452 3235 571 3298 oedibus,
589 3233 658 3288 duee
675 3231 839 3292 destitutae,
858 3227 1035 3299 Cephallenia
1052 3232 1155 3297 Zacyn-

67 3319 131 3372 thos
147 3325 176 3370 et
193 3313 343 3368 Echinadee
362 3311 476 3370 incolae,
496 3307 530 3360 ad
550 3309 630 3358 iatum
655 3319 743 3372 regern
761 3315 914 3362 conversae,
934 3299 1100 3368 praelectum
1124 3309 1154 3353 et

66 3391 218 3461 principem
238 3385 272 3438 ah
293 3402 325 3437 eo
344 3389 514 3451 aeceperunt.
551 3383 681 3432 venerant
703 3374 757 3424 iana
783 3373 849 3424 olim
867 3379 895 3424 et
912 3371 959 3422 alii
976 3371 1106 3441 praelecti
1124 3379 1152 3422 et

86 3461 203 3529 rincipee
219 3461 248 3510 in
269 3455 370 3508 incolae
387 3455 460 3506 ictae.
509 3449 549 3502 ihi
568 3458 625 3502 tuna
646 3444 756 3497 Carolua
772 3443 821 3494 ille
840 3440 874 3494 de
894 3441 996 3493 familia
1016 3443 1151 3494 Tocoruna

103 3533 275 3583 butracum
291 3529 364 3579 viror
382 3531 516 3594 epectatae
525 3520 641 3581 virtutis,
662 3518 768 3576 Rotam,
783 3513 893 3566 Gidium
913 3513 970 3564 eive
989 3510 1151 3574 Guidonem,

66 3604 263 3670 hlyleiareeem.
301 3607 329 3649 et
346 3614 404 3648 com
417 3591 610 3664 Cephallaniae
630 3603 718 3640 morae
740 3583 885 3647 traherent,
906 3584 1024 3634 animum
1044 3583 1073 3633 in
1086 3583 1151 3651 Epi.

65 3691 123 3726 rom
142 3671 328 3731 intenderunt,
348 3666 537 3734 adiunctisque
547 3659 664 3732 Epirotis
681 3658 816 3725 regionem
831 3669 912 3724 qnam
926 3651 1066 3704 habehant
1085 3653 1151 3704 eub-

65 3747 172 3806 iectam,
190 3744 219 3794 io
239 3741 373 3793 dicionem
391 3743 567 3806 acceperunt;
591 3729 775 3802 paulatimque
793 3727 875 3778 etiam
894 3725 1041 3806 Acarnania
1060 3723 1091 3776 in
1108 3723 1151 3776 di.

65 3819 172 3869 cionem
190 3813 274 3866 venit.
309 3809 408 3864 Albani
431 3815 539 3859 ruentes
567 3804 601 3874 ah
621 3799 771 3870 Epidamno
792 3794 872 3849 etad
893 3795 1032 3848 Orientem
1050 3811 1151 3866 prope-

65 3897 155 3941 ranter
172 3885 340 3940 Thessaliam
359 3890 388 3932 et
411 3877 625 3930 mediterraneae
642 3868 817 3924 Illacedonice
855 3867 983 3936 leraqne,
1000 3868 1151 3942 Argyropo-

66 3961 183 4012 liehnana
203 3965 231 4009 et
241 3953 387 4008 Cortoriam
407 3949 527 4002 dominio
547 3963 596 3998 auo
617 3941 787 3994 addiderunt.
809 3955 824 3990 a
844 3937 983 3990 venientes
1002 3935 1103 3990 deinde
1122 3940 1151 3990 iu

66 4029 234 4084 Therealiaan
254 4025 333 4078 orbec
353 4024 553 4076 interserunt
572 4014 672 4084 partiti,
692 4013 898 4080 regionemque,
918 4016 948 4060 ut
965 4007 1013 4078 qui
1030 4017 1150 4078 pactores

68 4109 156 4154 eeeent
172 4115 225 4151 nee
241 4098 301 4150 ullo
327 4095 438 4146 in'loco
467 4091 533 4142 lixae
550 4087 627 4140 aeder
648 4083 798 4144 haberent,
815 4078 1037 4149 depascebantur.
1075 4088 1150 4148 poet.

67 4187 145 4244 qnam
163 4179 255 4222 autem
284 4167 313 4218 in
335 4162 509 4218 Acarnaniam
537 4172 702 4230 pervenere,
720 4151 882 4206 Acarnaniae
899 4151 1021 4221 principe
1042 4149 1069 4202 id
1088 4167 1151 4219 per-

122 4275 376 4348 chaleocondyiar.
931 4259 964 4310 14
