2730 4630
229 265 299 338 192
472 269 637 336 bllONlCl
667 263 1055 333 cfltlcocottosssc

225 445 279 499 τος
299 425 358 505 μέν
378 413 399 510 ᾗ
420 423 556 504 ἐκδιδοῖ,
575 415 730 504 πρότερόν
749 439 805 498 μοι
833 413 1030 500 δεδήλωται·
1071 415 1212 498 λέγονται
1234 416 1265 480 δ’
1285 413 1316 479 oi

197 527 282 608 (ἰτῆς
304 523 404 598 οἰκίας
427 519 546 604 ταύτης
578 517 610 594 ἐς
630 517 689 602 την
716 513 922 582 Μεδιολόνου
944 513 1070 598 καὶτῆς
1090 507 1187 598 όλλης
1208 519 1316 596 Λιγα-

226 625 298 706 ριάς
320 620 426 707 οἷρχὴν
446 619 635 701 καταστῆναι
668 613 773 704 τρόπῳ
805 618 924 701 τοιῷδε.
978 611 1103 696 δρόκοον
1136 609 1198 678 cirsai
1222 606 1316 696 όρτος

226 725 344 810 porrois·
367 722 400 795 ἐς
428 715 485 804 τὴν
512 715 604 782 πόλιν
625 713 814 799 ἀνθρώπους
845 717 1044 800 διαφθείρων
1061 715 1119 776 osis
1139 709 1315 793 ἐπαύσατο,

225 821 297 896 τούς
309 843 343 886 τε
357 818 410 885 ἐπὶ
423 819 460 886 τό
474 816 551 902 ἔργα
569 813 719 892 ἀπιόντας
735 813 790 880 καὶ
804 811 858 880 ἐπὶ
869 813 945 888 τούς
957 813 1082 896 α’γρούς,
1095 821 1228 896 γυναῖκα
1240 817 1340 894 μέν,5

223 911 244 1006 ᾖ
261 925 395 1002 λέγεται,
415 918 508 986 ούδέν
519 943 551 984 τι
564 918 759 998 ποιούμενος,
780 913 835 978 καί
853 911 926 987 τούς
938 935 974 996 γε
998 903 1113 996 ἄνδρας
1130 907 1317 994 ἐπίσνχνόν

224 1017 337 1102 χρόνον
369 1021 598 1102 διαλυμαίνεται
653 1018 709 1080 καί
736 1011 847 1078 πολλοὶ
876 1009 915 1096 dp*
937 1016 985 1078 ἐπ’
1006 1009 1104 1076 αύτόν
1127 1011 1317 1088 ἐπελθόντες

224 1113 324 1184 πολλό
347 1142 381 1182 τε
403 1119 458 1182 καί
486 1115 641 1200 α’νη’κεστα
662 1114 741 1198 πρός
761 1115 818 1178 τού
838 1109 937 1196 θηρός
959 1111 1196 1176 ἐπεπόνθεισαν.
1217 1104 1317 1194 ἤνυον

225 1219 260 1282 δὲ
284 1219 387 1288 ούδέν.
429 1207 523 1293 οότος
542 1214 581 1302 δη
601 1213 618 1279 ό
641 1212 876 1298 Μαριύγγελος,
899 1213 1022 1295 πρῶτος
1043 1215 1097 1294 τῆς
1114 1212 1215 1286 οἰκίας
1236 1210 1315 1276 ταύ-

222 1342 296 1403 της,
328 1313 488 1400 Βρετανός
518 1316 555 1380 δέ
581 1313 616 1380 τό
634 1317 738 1399 γένος,
770 1308 949 1394 θεράποντα
970 1313 1135 1388 ἐξοπλίσας
1154 1316 1313 1398 πανοπλίᾳ
1325 1329 1356 1383 10

222 1420 278 1482 κατ’
304 1413 401 1492 αύτός
429 1412 599 1482 ἐνεδύσατο
629 1416 815 1478 πανοπλίαν.
857 1407 939 1491 μετὰ
961 1411 1018 1494 δέ,
1049 1409 1092 1484 τός
1112 1401 1160 1497 ᾔει
1183 1407 1239 1474 ἐπέ
1258 1409 1314 1474 τόν

222 1519 330 1600 θῆρα,
349 1514 403 1581 τόν
422 1515 529 1596 μέντοι
550 1512 732 1599 θεράποντα
757 1508 866 1593 gerois
893 1507 974 1574 κατό
993 1513 1090 1592 μέσον
1110 1508 1258 1595 ἐσεφόρει
1281 1509 1315 1584 ές

222 1613 276 1680 τόν
295 1613 411 1696 λαιμόν
433 1613 535 1678 αύτοό
547 1639 555 1654 ·
600 1612 644 1688 οἷς
666 1615 694 1676 δ’
716 1605 776 1695 ἤδη
795 1606 903 1693 χανοόν
916 1601 990 1674 τότε
1009 1607 1098 1686 ἐντός
1118 1615 1226 1692 λαβεῖν
1247 1603 1314 1684 οἷός

191 1721 258 1782 Dra
279 1711 400 1796 ἐγένετο
420 1704 491 1780 τότε
513 1711 546 1790 ἐς
573 1715 714 1778 τούπέσα
733 1710 922 1795 ἐξορμῆσαι,
951 1711 1073 1774 πελέκει
1094 1707 1150 1794 τη“ν
1171 1707 1314 1796 κεφαλήν

221 1817 278 1880 τού
299 1812 466 1900 δράκοντος
484 1816 643 1894 καταίρειν
658 1813 790 1892 διέτεμε.
832 1810 887 1874 καὶ
906 1807 922 1873 ό
943 1811 1048 1888 μέντοι
1067 1807 1193 1894 δρόκαν
1211 1807 1311 1894 ταύτῃ
1323 1831 1356 1882 rs

222 1911 323 1994 ἐπεοε,
344 1911 400 1978 καί
419 1912 437 1997 ἦ
459 1911 549 1988 πόλις
567 1911 764 1995 ἠλευθέρωτο
785 1911 845 1974 τού
867 1906 967 1992 θηρός
993 1907 1198 1988 πολεμοῦντος
1219 1909 1312 1991 αύτῇ.

221 2012 278 2078 καί
297 2007 378 2078 ούτα
402 2011 439 2096 δη
461 2006 630 2096 στρατηγόν
641 2031 675 2074 τε
695 2012 806 2094 σφίσιν
828 2007 860 2074 οἱ
879 2005 915 2073 τό
932 2002 1134 2073 Μεδιόλανον
1153 2003 1312 2073 ἐνοικοῦν·

223 2135 274 2188 τις
290 2109 470 2196 ἐστήσαντο,
494 2114 549 2176 καί
569 2106 716 2194 ἡγεῖσθαι
737 2106 878 2173 ἐκέλευον
909 2104 962 2172 ἐπέ
980 2103 1054 2182 τούς
1075 2103 1244 2185 πολεμίους
1265 2105 1310 2181 αἱς

223 2203 325 2296 ἄνδρα
346 2209 469 2295 ἐγαθόν
487 2208 660 2294 γενόμενον.
686 2209 756 2288 μετ’
777 2205 816 2268 ού
836 2203 936 2270 πολύν
956 2205 991 2270 δέ
1008 2201 1122 2288 χρόνον
1143 2200 1311 2290 ἧγεμοόντι

223 2315 369 2396 κατέστη,
391 2308 591 2395 δορυφόρους
612 2305 695 2390 έχων
715 2299 798 2391 ἄμφ’
818 2303 915 2372 αύτόν
936 2302 992 2370 καὶ
1011 2304 1084 2380 τούς
1107 2301 1141 2370 ἐν
1161 2307 1201 2391 τῇ
1220 2303 1309 2368 πόλει
1318 2325 1350 2378 20

222 2414 392 2476 πείθεσθαι
412 2407 604 2493 ἀναγκάζων.
646 2399 729 2472 οότοι
750 2404 789 2492 δη
819 2397 968 2490 ἄρξαντος
988 2403 1104 2491 ταύτης
1124 2407 1180 2488 τῆς
1200 2405 1310 2488 χώρας

222 2506 276 2574 ἐπέ
293 2508 446 2596 τεοσόρας
458 2505 567 2594 γενεός
586 2504 618 2584 ἐς
639 2509 696 2572 τόν
720 2507 878 2572 Φιλιππον
897 2504 917 2592 ἡ
938 2502 1023 2592 α’ρχὴ
1046 2505 1210 2592 περιῆλθε,
1228 2501 1309 2590 πρός

292 2685 336 2738 21.
357 2683 508 2758 ἅρξαντεςδ

223 2849 341 2918 cipetum
360 2844 589 2899 Mediolanensem
607 2853 636 2900 et
653 2847 682 2900 in
702 2846 833 2916 reliquam
854 2845 988 2914 Liguriam
1009 2845 1102 2898 allecti
1118 2853 1189 2898 sunt.
1224 2845 1305 2898 draco

223 2937 257 2972 es
275 2927 365 2970 monte
390 2918 419 2968 in
440 2917 532 2968 urbem
550 2916 649 2970 vadens
675 2933 797 2988 magnam
815 2924 929 2985 stragem
946 2916 1094 2980 bominum,
1114 2917 1161 2988 qui
1183 2916 1219 2968 ad
1236 2933 1306 2988 ope-

224 3007 252 3042 ra
273 2998 301 3041 et
319 2987 352 3040 ad
372 3004 447 3056 agros
467 2987 622 3058 pergebant,
640 2988 728 3040 facere
748 3005 803 3040 non
822 2987 958 3040 cessabat:
978 2987 1114 3040 mulierem
1133 2995 1222 3040 tamen
1241 2989 1305 3040 nul-

223 3061 286 3122 lam,
305 3067 335 3112 ut
353 3060 438 3123 aiunt,
456 3057 593 3111 laedebat.
628 3061 692 3112 viris
709 3068 799 3112 tamen
818 3059 899 3128 longo
912 3067 1033 3130 tempore
1050 3059 1162 3112 iniectus
1181 3067 1240 3112 erat
1257 3076 1304 3111 sa·

223 3128 328 3183 stando.
372 3129 481 3200 plurimi
505 3147 615 3201 quoque
646 3131 759 3182 bestiam
775 3129 850 3181 illem
871 3137 901 3182 ut
927 3130 1117 3192 interficerent,
1135 3137 1226 3183 contra
1245 3147 1304 3182 eam

222 3201 311 3253 ibant:
334 3217 425 3252 verum
443 3199 514 3252 nibil
540 3201 710 3270 proficientes
730 3209 847 3253 extrema
875 3216 999 3271 quaeque
1023 3200 1205 3270 patiebantur.
1241 3209 1305 3252 tan-

223 3271 284 3323 dem
303 3271 500 3340 Mariangelus,
520 3272 741 3340 Mariangelorum
761 3271 879 3323 familiae
896 3271 1040 3342 princeps,
1064 3273 1175 3324 natione
1197 3271 1303 3324 Britan·

221 3359 272 3396 nus
293 3344 348 3394 sive
365 3342 474 3410 Auglus,
494 3342 644 3396 ministrum
674 3359 750 3394 suum
771 3350 799 3394 et
818 3343 991 3413 semetipsum
1009 3351 1154 3404 armatura,
1171 3359 1243 3414 quae
1261 3352 1303 3394 to-

222 3422 279 3468 turn
297 3429 392 3484 corpus
409 3419 519 3481 tegeret,
535 3430 640 3466 armans
661 3413 767 3466 obviam
784 3411 882 3466 beluae
900 3414 1039 3484 processit.
1084 3415 1235 3466 ministrum
1253 3415 1303 3480 igi·

222 3494 267 3542 tur
285 3501 344 3536 cum
364 3483 443 3536 belua
461 3493 568 3538 voraret
585 3493 613 3537 et
631 3483 749 3536 medium
768 3485 798 3536 in
821 3484 889 3536 rictu
910 3491 1038 3556 portaret,
1057 3501 1107 3536 uec
1125 3501 1186 3538 eum
1204 3486 1234 3538 in
1255 3485 1302 3536 illa

222 3553 364 3610 demittere
381 3555 425 3606 vel
443 3571 566 3608 evomere
586 3563 686 3627 posset,
704 3556 790 3608 securi
815 3553 914 3608 beluac
931 3564 1012 3625 caput
1030 3555 1186 3626 amputavit.
1224 3555 1302 3607 draco

222 3628 250 3682 in
271 3625 342 3680 bunc
361 3625 471 3680 modum
488 3627 582 3696 perlit3
600 3627 746 3697 civitasque
764 3625 881 3678 liberata
898 3625 932 3678 ab
949 3627 1001 3680 ista
1019 3626 1114 3690 bestia,
1132 3644 1147 3678 s
1167 3643 1223 3698 qua
1239 3625 1302 3679 sub·

222 3697 286 3750 inde
307 3697 529 3769 oppugnabatur,
546 3697 740 3766 Mariangelum
769 3696 865 3750 ducem
885 3697 968 3767 elegit
989 3707 1017 3750 et
1039 3707 1132 3752 contra
1150 3695 1244 3750 bostee
1264 3699 1302 3748 ire

222 3769 309 3830 iussit,
327 3777 356 3821 ut
375 3769 423 3840 qul
441 3769 526 3820 virum
543 3767 643 3820 bonum
662 3775 690 3821 et
706 3769 803 3822 fortem
818 3785 846 3821 se
859 3767 1032 3821 exhibuisset.
1067 3785 1117 3820 uec
1128 3768 1216 3820 multo
1234 3777 1301 3839 post,

223 3847 254 3890 ut
271 3839 323 3890 sibi
346 3837 575 3892 Mediolanensem
601 3840 780 3910 principatum
809 3840 995 3894 constabiliret
1016 3849 1044 3892 et
1061 3842 1130 3892 cives
1150 3838 1301 3900 obedirent,

222 3909 375 3973 satellites,
393 3927 460 3979 quos
489 3911 607 3981 corporis
629 3911 670 3962 sui
697 3909 820 3963 custodes
838 3927 894 3963 esre
915 3910 1016 3974 voluit,
1035 3909 1145 3980 delegit.
1182 3927 1240 3980 quo
1260 3927 1301 3962 re·

222 3987 336 4048 guante,
368 3982 540 4048 generatione
569 3980 677 4033 demum
706 3990 800 4052 quarta
819 3991 896 4052 post,
913 3982 1077 4053 principatus
1098 3986 1126 4034 in
1147 3979 1300 4052 Philippum

222 4049 339 4114 devenit,
357 4065 416 4102 coos
434 4067 489 4122 quo
509 4051 606 4104 Veneti
625 4051 727 4106 bellum
746 4053 890 4122 gerebant,
908 4061 1029 4106 creantes
1055 4051 1090 4106 sd
1109 4051 1139 4104 id
1161 4051 1243 4104 duces
1260 4053 1301 4102 si·

223 4138 265 4179 ras
282 4119 367 4175 bonos
387 4129 416 4174 et
432 4137 554 4194 magnam
573 4125 707 4194 regionem
732 4125 921 4195 gubernantes.
962 4125 1048 4195 primo
1070 4123 1180 4196 quidem
1199 4123 1300 4178 Carmi-
