2730 4630
208 267 281 344 2‘24
457 275 622 342 ttonrcr
659 274 1044 342 cnstcocottnsmn

208 429 320 512 οἴσειν,
344 433 397 494 aas*
427 424 519 512 σφίσι
548 423 594 507 μή
619 427 652 492 ἐν
673 428 775 513 καλήν,
798 419 885 491 οὔπα
905 422 951 490 ἔτι
970 428 1223 511 κατεργασμέτης
1243 427 1303 510 εής

209 531 334 614 α’ρχής,
356 527 539 608 ἀποβαίνειν
558 524 597 590 εδ
619 524 802 610 πράγματα.
843 527 999 609 δπέσχετο
1021 531 1147 608 μέντοι,
1170 525 1302 592 ἐπειδὰν

209 631 241 704 dr
261 627 316 712 τήν
351 625 456 710 α’ρχήν
474 629 707 711 παραγένηται,
731 624 788 708 τήν
809 647 846 690 τε
866 624 957 690 πόλιν
977 621 1175 712 οἷποδιδδνοι,
1196 630 1252 691 καί
1271 623 1303 690 εἷ

208 753 240 793 τι
268 722 344 794 ἄλλο
373 723 549 810 ἐπιτήδειον
577 727 686 800 ου’τοΐς
714 724 812 791 οἴοιτο
833 722 989 806 ἔσεσθαι,
1009 723 1088 809 μήτε
1106 731 1162 790 τοῦ
1184 731 1301 790 λοιποῦ

175 825 247 899 nde
265 829 418 911 στερῆσαι
449 821 565 900 ου’τοώς
596 849 679 890 ποτε.
721 825 831 902 πείσας
849 827 908 905 μὲν
936 819 993 890 οὖν
1015 823 1084 892 τότε
1104 821 1324 912 redempt

63 921 64 924 ¹
207 951 263 1000 νας
284 920 419 1009 ἤλαυνεν
438 925 471 1000 ἐς
495 920 531 988 τὸ
554 924 663 1008 πρόσω
693 928 750 1007 τῆς
772 923 944 1008 Εὐρώπης,
964 925 1020 989 ιιαί
1040 926 1239 1008 προσεχώρει
1262 949 1298 988 τε

207 1027 295 1114 αὐτῷ
322 1025 490 1104 σύμπαντα
519 1016 565 1098 ώς
592 1028 723 1106 βασιλεῖ
740 1047 774 1088 sa
806 1015 869 1088 ὄντι
898 1029 990 1109 spuis
1020 1029 1074 1089 καί
1101 1026 1300 1108 Ποιαζήτεοι

119 1124 301 1191 ν.94παιδί
332 1127 496 1213 γενομένῳ.
552 1125 622 1188 ἐπεί
659 1125 694 1188 δὲ
722 1119 913 1206 Παιαζήτης
941 1116 1058 1210 ᾔσθετο
1086 1123 1215 1190 ε’πιόυια
1246 1123 1302 1188 ἐπί

206 1223 467 1308 Ἀδριανοδπολιν
490 1221 694 1307 (ἐπετρόπευε
716 1225 752 1288 at
773 1227 827 1308 τῆς
847 1221 967 1298 πόλεως
993 1225 1216 1309 καταλειφθείς
1236 1223 1299 1287 ὑπὸ

207 1325 386 1406 Μεχμίτεα
409 1325 565 1406 βασιλέως
583 1323 638 1388 ε’πί
655 1327 694 1411 τῇ
714 1326 844 1411 τελευτῇ
858 1321 975 1408 orituri)
986 1371 996 1402 ,
1020 1321 1184 1408 συνήγειρε
1205 1347 1241 1387 τε
1260 1322 1296 1386 sd
1310 1333 1340 1385 10

206 1423 269 1490 α’πὸ
306 1427 361 1508 τῆς
382 1422 538 1508 Εὐρώπης
566 1421 765 1505 στράτευμα,
803 1422 858 1488 καί
884 1421 1010 1506 ὑπήντα
1038 1428 1081 1512 τῷ
1111 1425 1300 1511 Μσυσταφᾷ

207 1519 309 1607 σ’γχοιῑ
328 1526 383 1605 τῆς
405 1519 711 1606 Ἀδριανουπόλεως,
742 1521 786 1598 cic
819 1521 873 1587 διδ
893 1520 1001 1607 μα’χης
1020 1525 1223 1603 δλευσόμενος
1244 1522 1302 1586 καί

206 1623 249 1708 μή
273 1625 456 1707 ἐπιτρέπων,
481 1616 519 1705 ήν
539 1617 680 1702 δύναιτο,
701 1623 758 1688 ἐπί
774 1621 815 1686 τοὶ
839 1627 986 1704 deodato
1009 1618 1212 1704 πορεύεσθαι.
1255 1616 1300 1694 ώς

107 1741 133 1792 P.
148 1737 198 1792 120
208 1728 320 1804 μέντοι
350 1718 585 1802 συνταξάμενος
616 1719 725 1808 ίπήει,
765 1717 795 1788 οἱ
822 1725 956 1806 Τοῦριιοι
985 1714 1042 1784 οὖν
1063 1719 1178 1786 αὐτίκα
1199 1714 1300 1807 ᾔεσαν

208 1819 277 1903 ἅμα
297 1819 414 1896 πάντες
448 1821 502 1886 ἐπί
518 1820 574 1886 ria
594 1824 800 1908 Μουσταφᾶν
828 1825 884 1885 καί
909 1821 1122 1903 προσεκύνουν
1143 1816 1339 1901 dicdum-15

208 1927 274 2002 rau,
294 1924 350 1986 καί
372 1917 468 1996 αὐτός
489 1945 523 1986 τε
545 1919 733 2004 Παιαζήτης
761 1918 971 2005 προσεκύνησε
992 1923 1047 1984 καί
1066 1919 1103 1985 τὰ
1127 1919 1299 2002 πράγματα

207 2023 380 2102 παρεδίδου
401 2023 443 2109 τῷ
463 2024 674 2110 Μουσταφᾷ,
696 2023 840 2103 χρῆσθαι
860 2017 1007 2094 ου’τοῖςδ
1027 2045 1058 2084 τι
1078 2015 1118 2084 dv
1138 2006 1321 2101 βουλοντο.”

208 2126 322 2189 τοῦτον
338 2123 399 2202 μὲν
423 2112 479 2184 οὖν
507 2119 614 2202 λαβών
647 2121 762 2186 αὐτίκα
785 2122 887 2184 orituri
914 2119 1125 2204 διεχρήσατο,
1145 2118 1201 2184 καί
1220 2118 1301 2182 οἷπε-

209 2221 331 2288 tetro»
361 2218 418 2302 τήν
436 2243 471 2284 τε
500 2219 591 2284 πόλιν
611 2218 685 2302 ἔσχε
720 2223 774 2284 καί
792 2221 846 2284 ἐπί
873 2217 911 2284 τὰ
935 2217 1084 2302 fluertem
1104 2219 1302 2301 παρεγίνετο.

209 2320 288 2404 μετὰ
319 2324 354 2387 δὲ
386 2310 489 2386 ταῦτα
524 2327 720 2405 συστροφεῖς
747 2317 810 2384 ἴετυ
839 2318 894 2384 ἐπί
915 2317 971 2402 τήν
992 2319 1115 2400 Ἀσίαν,
1141 2315 1222 2384 ciera
1246 2319 1354 2382 suist:

209 2420 265 2506 τήν
283 2421 463 2506 τήςἈσίας
491 2423 656 2499 βασιλείαν
676 2415 779 2507 ἑαυτῷ
809 2415 1088 2504 προσκτησάμενος.
1130 2417 1247 2503 διαβὰς
1270 2419 1300 2482 δ’

212 2661 368 2716 advenienti
386 2661 546 2732 idrrstaphae
565 2661 762 2728 Chersonesus3
785 2669 813 2715 et
831 2663 905 2714 illico
924 2679 985 2714 earn
1004 2678 1092 2732 regem
1109 2661 1300 2725 consalutauit,

212 2745 241 2786 et
264 2751 425 2805 quocunque
450 2733 588 2797 duxisset,
607 2735 805 2804 promptissime
829 2735 1020 2804 sequebantur.
1062 2735 1220 2804 Callipolim
1247 2734 1300 2785 sibi

212 2805 282 2858 trudi
302 2805 458 2876 postulabat
477 2805 640 2858 Graecorum
667 2823 721 2856 rex.
750 2805 906 2874 Mustaphm
932 2815 1042 2876 paratus
1072 2813 1129 2857 erat
1149 2821 1208 2856 eam
1234 2803 1299 2856 durs

212 2895 263 2930 nec
281 2877 408 2928 abnuere.
446 2877 528 2928 'l'urcl
550 2893 604 2928 rem
623 2877 701 2928 istum
718 2877 819 2946 iniquis
849 2877 1023 2947 patiebantur
1040 2877 1155 2938 anisnis,
1171 2891 1232 2926 curn
1250 2893 1299 2945 pu-

213 2965 271 3002 rum
289 2948 432 3000 honestum
458 2947 509 2998 sibi
537 2948 594 2999 sore
621 2947 832 3009 arbitrarentur,
851 2964 931 3015 regno
959 2947 1078 3000 nondum
1097 2949 1162 2998 satis
1185 2947 1299 3008 firmato,

213 3020 306 3070 urbem
323 3020 406 3070 talem
426 3019 535 3073 Graecis
561 3017 670 3070 donare.
713 3027 851 3087 praeterea
878 3019 1010 3071 indubio
1040 3018 1128 3070 adhuc
1149 3034 1215 3081 esse,
1237 3033 1297 3069 cum

213 3107 322 3158 regnum
343 3089 462 3142 nondum
483 3091 548 3141 eatis
566 3092 602 3141 sit
615 3089 755 3152 munitum,
777 3105 894 3158 quonam
912 3107 953 3142 res
971 3100 1114 3160 erupturae
1134 3090 1197 3140 siut.
1235 3089 1298 3158 pol-

212 3160 347 3212 licebatur
366 3161 458 3231 itaque
477 3161 585 3213 Graecis
604 3177 658 3223 rex,
680 3175 740 3209 cum
762 3159 791 3210 in
810 3175 919 3228 regnum
936 3163 1063 3224 venisset,
1083 3177 1112 3210 se
1131 3160 1196 3229 ipsis
1214 3159 1299 3210 trudi-

213 3241 302 3285 surum
320 3231 492 3300 Callipolim:
520 3239 659 3300 praetereo
687 3233 710 3281 si
728 3229 833 3352 alippid
858 3230 948 3296 eliud,
976 3232 1052 3302 quod
1080 3231 1132 3282 sibi
1152 3231 1219 3284 utile
1239 3231 1298 3282 fore

212 3311 347 3374 putarent,
365 3303 576 3372 postulaverint,
605 3319 650 3354 eos
671 3317 752 3370 porro
792 3301 846 3352 aud
863 3305 995 3373 repulsam
1018 3319 1150 3374 passuros.
1189 3302 1299 3353 Graecis

213 3373 331 3427 in'hurrc
357 3373 464 3425 modam
492 3375 623 3443 persuasis
640 3380 711 3424 recta
729 3373 757 3422 in
782 3373 914 3442 Europam
934 3375 1081 3428 contendit.
1117 3389 1197 3443 quem
1215 3373 1299 3422 adve-

212 3447 332 3498 nientem
350 3461 440 3497 omnes
460 3451 491 3494 ut
510 3459 596 3511 regem
616 3451 643 3494 et
662 3443 784 3494 Paiazitis
805 3445 892 3496 filiurn
911 3445 1090 3514 excipiebant,
1113 3447 1227 3514 eiusque
1246 3445 1299 3494 im-

212 3518 289 3588 perio
316 3533 344 3568 se
369 3514 574 3568 submittebant.
613 3531 672 3565 cum
699 3515 827 3567 Paiasites
861 3525 1026 3583 compertum
1056 3514 1170 3566 haberet
1193 3515 1300 3566 Morta-

212 3588 292 3657 pham
314 3587 515 3657 Adrisnopolim
543 3599 655 3656 pergere
677 3584 781 3655 (urbem
808 3586 879 3638 enlm
906 3588 985 3639 istam
1010 3587 1118 3655 regebat
1141 3587 1216 3636 iussu
1240 3585 1300 3636 tte-

211 3657 332 3723 chmetis‚
350 3660 394 3729 qui
425 3657 539 3710 moriens
565 3655 594 3707 id
618 3657 643 3708 ei
667 3655 816 3730 mandarat)
847 3660 965 3710 exercitu
991 3675 1024 3717 er
1049 3658 1155 3726 Europa
1186 3671 1302 3723 congre·

211 3739 273 3797 gato
310 3730 417 3782 obviam
455 3727 585 3798 processit
617 3728 776 3797 Mustaphae
807 3745 886 3798 quam
925 3732 1045 3798 proxima
1075 3727 1299 3797 Adrianopolim,

212 3802 289 3870 quasi
310 3809 496 3870 pugnaturus,
515 3815 565 3850 nec
590 3799 780 3869 permissurus,
807 3801 829 3850 si
857 3807 947 3852 tantae
966 3801 1034 3853 vires
1052 3801 1174 3862 fuissent,
1193 3814 1255 3850 eum
1273 3800 1301 3848 in

212 3871 287 3938 regni
315 3871 405 3922 sedem
436 3869 590 3940 procedere.
637 3885 696 3920 cum
725 3869 882 3941 Mustaphas
908 3872 1015 3938 agmine
1048 3872 1195 3939 composito
1225 3885 1301 3920 ucce-

212 3941 304 4004 deret,
321 3943 402 3993 Tucci
420 3942 563 3993 confestim
584 3957 677 3992 omnes
703 3939 737 3991 ad
762 3943 931 4012 Mustapham
964 3943 1150 3994 transitionem
1177 3941 1302 4001 faciant,

212 4027 327 4082 eumque
355 4020 384 4063 ut
413 4029 500 4080 regern
529 4009 651 4062 adorant.
693 4021 831 4082 praeterea
860 4012 989 4064 Paiuzites
1016 4013 1176 4084 provolutus
1200 4010 1236 4062 ad
1254 4027 1301 4079 gs-

211 4101 265 4134 nua
288 4081 448 4152 liiustaphae
473 4099 534 4133 eum
554 4091 586 4135 ut
604 4097 692 4151 regem
709 4081 847 4146 adoravit,
881 4099 977 4152 resque
1004 4083 1092 4136 eidem
1119 4082 1252 4146 tradidit,
1273 4090 1303 4132 ut

211 4169 261 4224 pro
279 4171 327 4206 suo
347 4154 458 4206 arbitrio
480 4162 578 4224 agerat
615 4153 687 4208 hunc
706 4157 835 4208 continuo
857 4155 946 4208 necari
962 4155 1057 4225 iussit,
1076 4154 1234 4224 ducensque
1255 4169 1303 4204 ex-
